2019 2469
164 406 224 439 lior
238 406 306 439 fieri
321 387 429 448 possit,
448 407 558 439 latiore
576 407 810 440 dissertatione'
802 416 835 439 m
852 407 946 439 alium
962 407 1061 439 Iocum
1078 407 1154 439 etin
1171 406 1252 439 aliud
1267 410 1386 449 tempus
1399 405 1676 448 relegata..

205 459 247 490 Ac
263 459 398 500 primum
413 459 537 500 quidem
555 460 691 500 linguam
707 460 822 500 epicam
841 460 993 491 Aeolicam
1016 464 1243 501 repraesentare
1264 459 1436 497 dialectum,
1455 459 1504 490 cui
1518 458 1645 505 vocales
1646 456 1678 491 Ῐ”
1749 494 1755 499 ,
1802 488 1804 490 ,

164 510 247 541 moni
262 510 391 542 usitatae
417 511 690 552 superfundantur,
717 520 753 542 eo
777 511 911 552 aliquam
935 511 1027 543 habet
1050 510 1305 552 probabilitatem,
1332 510 1412 551 quod
1430 509 1556 542 eandem
1569 502 1689 551 epicam

164 561 255 593 etiam
273 561 396 593 Doricas
421 562 538 594 vocales
553 572 784 608 nonnumquam
802 562 940 603 recipere
965 562 1114 601 videmus,
1138 562 1220 593 velut
1244 562 1276 593 in
1302 561 1398 593 titulis
1422 561 1642 604 sepulcralibus
1662 561 1685 594 C

166 613 316 645 Arniadae
333 618 363 645 et
378 614 569 646 Menecratis.
589 615 694 655 Neque
707 614 766 646 alia
777 619 824 646 est
837 615 915 646 ratio
930 614 1009 646 tituli
1027 613 1203 646 Acarnanici
1219 624 1244 646 s.
1261 624 1289 645 v.
1305 614 1413 650 ἇκαλός
1429 613 1587 646 memorati
1601 618 1655 648 aut

162 664 260 696 Iuliae
279 665 423 696 Balbillae
446 671 499 697 aut
522 666 716 697 oraculorum
738 666 842 706 lingua
858 666 1020 707 Cyrenaica
1040 666 1188 697 elatorum
1209 665 1334 704 (Herod.
1351 665 1398 697 IV.
1415 665 1474 697 157
1492 670 1522 697 et
1536 664 1622 706 159).
1657 660 1739 699 Haec

163 707 291 758 legenda
304 722 415 749 erunt:
1669 735 1671 739 ,

329 772 368 802 At
382 771 417 802 τυ
431 770 502 811 ἐμεῦ
515 771 633 811 Λιβύαν
646 771 833 811 μαλοτρόφον
846 768 953 806 οἴδας’
938 771 1059 810 άμεινον

371 824 429 864 Μή
442 824 545 854 ἐλθών
562 823 712 861 ἐλθόντος,
726 824 803 862 ἄγαν
818 823 931 862 ἄγαμαι
948 827 1056 863 σοφίαν
1072 833 1132 861 σευ,

163 877 193 904 et
205 882 212 903 :
324 873 376 909 Ὸς
389 876 425 905 δέ
434 887 492 905 καν
508 876 537 909 ἐς
553 874 673 914 Λιβύαν
686 873 902 915 πολυήρατσν““’
883 885 1004 914 umam}
1019 875 1099 915 ἔλθῃ

371 926 435 962 Γᾶς
450 913 674 966 ἀναδαιομένας,
690 926 765 966 μετά
778 939 806 957 οι
820 926 899 957 ποκά
913 938 988 966 φαμι
1001 925 1144 967 μελήσειν.
1831 949 1854 965 ·.

206 976 318 1008 Deinde
333 978 430 1008 multa
446 978 572 1018 vestigia
598 978 629 1008 in
654 977 792 1018 Ilesychii
818 977 946 1008 maxime
960 977 1054 1008 lexico
1074 980 1249 1018 supersunt,
1266 976 1378 1017 quibus
1396 976 1468 1008 satis
1482 985 1636 1018 superque
1650 977 1838 1010 demonstra·
1859 1002 1861 1004 -

164 1032 226 1066 tur,
241 1029 406 1069 genuinam
418 1029 569 1060 Aeolicam
579 1029 748 1060 carminum
760 1028 990 1059 Homericorum
1001 1028 1150 1059 indolem
1143 1037 1174 1058 m
1186 1027 1340 1059 nonnullis
1352 1027 1536 1059 editionibus
1547 1028 1681 1069 antiquis
1690 1022 1842 1063 servatain'

162 1079 269 1113 fuisse.
306 1081 363 1114 Sed
389 1091 458 1113 cum
481 1082 539 1113 hac
564 1081 601 1113 de
616 1091 650 1113 re
667 1081 726 1114 alio
743 1081 808 1114 loco
827 1090 895 1112 mox
911 1078 967 1113 sim
985 1080 1206 1123 disputaturus,
1232 1079 1282 1112 hic
1296 1089 1393 1122 pauca
1407 1079 1544 1112 attulisse
1558 1080 1631 1113 satis
1644 1080 1763 1114 haheo.
1784 1080 1857 1119 Est,-

163 1133 246 1164 enim
272 1134 353 1174 apud
379 1134 560 1175 Ilesychium
586 1135 648 1166 κατ’
674 1135 713 1175 ἱέρ’
740 1136 816 1174 ἕζεαι
829 1143 835 1150 ·
847 1135 990 1175 κάθησαι.
1016 1134 1138 1174 Πάφιοι,
1166 1142 1299 1174 quocum
1323 1133 1460 1165 conferas
1478 1133 1533 1165 Od.
1559 1134 1596 1172 X,
1618 1133 1691 1166 378.
1709 1135 1773 1169 κατ’
1787 1135 1918 1185 &pv—1155*

163 1186 240 1226 ἕζεαι
264 1183 326 1221 ἶσος
350 1185 470 1228 ἀναύδῳ
485 1190 515 1217 et
531 1186 594 1218 κατ’
613 1186 653 1226 ἐρ’
674 1188 737 1227 ἕζεο
749 1189 898 1226 ’καθίζου
915 1185 953 1216 cf.
978 1185 1012 1216 ll.
1034 1185 1132 1223 XXIV,
1152 1184 1233 1217 522:
1258 1185 1313 1225 ἄγε
1339 1185 1386 1227 δή,
1402 1185 1466 1217 κατ’
1486 1185 1534 1226 ἄρ’
1559 1187 1625 1226 ἕζευ
1647 1187 1697 1218 ἐπὶ
1714 1186 1836 1229 θρόνα),
1870 1190 1926 1228 ,ζ

165 1238 217 1279 (cf.
235 1239 343 1279 Bergk.
363 1239 400 1270 de
419 1239 464 1271 tit.
484 1239 568 1280 Arc.)
580 1258 621 1262 —
633 1239 666 1270 In
683 1239 771 1280 ἐρούα
785 1248 792 1255 ·
803 1239 939 1281 πορεύου,
956 1238 1123 1271 ἀναπαύου.
1142 1239 1269 1281 Κύπριοι
1282 1238 1432 1271 Aeolicam
1444 1238 1572 1271 formam
1582 1233 1840 1281 deprehendimus>
1888 1266 1890 1269 ,

162 1299 308 1321 versuum
327 1291 361 1321 ll.
383 1291 420 1328 II,
440 1291 501 1321 179
516 1296 546 1321 et
562 1291 651 1327 XXII,
668 1291 740 1321 185.
761 1291 803 1321 Cf.
827 1291 994 1329 ἀσχαλάαν,
1022 1289 1113 1331 εἶδαρ,
1127 1291 1238 1331 ὄνειαρ,
1254 1291 1323 1321 alia.
1341 1292 1438 1330 Atque
1453 1291 1550 1331 ipsam
1564 1291 1714 1323 Aeolicam
1728 1292 1841 1325 editio-.

162 1350 233 1373 nem
250 1341 388 1373 nominat
401 1342 498 1373 Schol.
519 1342 550 1373 in
565 1342 619 1373 Od.
638 1342 712 1381 xlv,
729 1341 790 1373 280
809 1343 840 1384 (ἡ
855 1342 984 1384 Αἰολικῆ)
999 1347 1029 1373 et
1042 1342 1074 1372 in
1092 1342 1145 1373 Od.
1165 1342 1266 1379 XVIII,
1283 1341 1323 1373 98
1341 1342 1373 1384 (ἡ
1387 1341 1504 1384 Αἰολίς).

204 1394 340 1425 Tertium
366 1395 498 1435 denique
527 1395 648 1425 accedat
673 1394 820 1426 disertum
841 1394 1048 1426 testimonium
1066 1395 1171 1436 Zopyri
1189 1399 1220 1426 et
1235 1394 1409 1426 Dicaearchi
1424 1395 1455 1425 in
1469 1394 1633 1427 Grammat.
1654 1396 1780 1427 Roman.
1799 1395 1837 1429 de

162 1446 243 1477 notis
259 1451 395 1476 veterum
414 1446 527 1477 criticis
542 1447 590 1476 ed.
608 1446 719 1477 Osann.
739 1447 844 1486 (etiam
861 1447 893 1476 in
908 1447 942 1477 A.
969 1447 1082 1477 Nauck.
1101 1447 1169 1477 Lex.
1194 1446 1321 1478 Vindob.
1341 1456 1372 1487 p.
1390 1445 1484 1486 273>2
1501 1448 1520 1489 ἡ
1538 1449 1569 1478 δὲ
1584 1447 1712 1480 δοκοῦσα
1727 1447 1838 1490 ἀρχαία

156 1497 252 1535 'linig
269 1499 408 1538 λεγομένη
424 1499 456 1527 δὲ
466 1497 680 1535 Ἀπελλικῶνος,
697 1501 849 1538 προοίμιον
863 1500 920 1536 ἔχει
936 1497 1020 1529 τοῦτο
1890 1497 1900 1507 Ἴ

329 1549 455 1584 Μούσας
470 1549 558 1580 ἀείδω
571 1551 620 1580 καὶ
633 1549 800 1581 Ἀπόλλωνα
814 1549 993 1588 κλυτότοξον,
1838 1578 1848 1594 ,γ
1872 1578 1874 1580 .
1898 1582 1902 1587 ,

159 1601 199 1636 ὤς
213 1602 263 1632 καὶ
281 1601 419 1640 Νικάνωρ
432 1606 573 1642 μέμνηται
591 1602 640 1632 καὶ
656 1601 769 1643 Κράτης
788 1603 821 1632 ἐν
839 1604 898 1636 τοῖς
916 1603 1123 1641 διορθωτικοῖς.
1136 1600 1326 1641 Ἀριστόξενος
1341 1601 1404 1632 δ’ἐν
1417 1601 1439 1632 ἄ
1452 1603 1732 1642 Πραξιδαμαννεᾶυν
1747 1603 1836 1646 φησὶν
1852 1600 1856 1607 ‘
1883 1596 1916 1649 ἑ.-

159 1653 236 1685 κατά
252 1665 332 1688 τινας
347 1656 423 1692 ἔχειν
435 1662 441 1668 “

270 1696 290 1705 ⁹
319 1706 443 1736 ’Έσπετε
458 1705 512 1737 νῦν
525 1718 584 1745 μοι,
603 1705 727 1737 Μοῦσαι
740 1705 888 1745 Ὀλύμπια
903 1706 1010 1745 δώματ’
1026 1708 1153 1744 ἔχουσαι,

323 1769 427 1793 οππως
443 1758 479 1799 δή
495 1757 581 1799 μῆνίς
595 1770 626 1788 τε
640 1757 726 1796 χόλος
742 1757 778 1788 θ’
794 1759 841 1788 ἕλε
855 1759 1014 1799 Πηλέιωνα

323 1810 439 1853 Λητοῦς
451 1809 564 1850 ἀγλαὸν
577 1810 660 1843 υιόν·
669 1810 686 1843 ὁ
702 1811 758 1851 γᾰρ
770 1811 888 1853 βασιλῆι
900 1812 1051 1850 χολωθείς.
1870 1831 1921 1858 5...

156 1864 210 1904 τήν
226 1865 259 1894 δὲ
272 1867 391 1905 ποίησιν
403 1862 664 1902 ἀναγινώσκεσθαι
679 1862 762 1902 ἇξιοῒ
775 1864 914 1903 Ζώπυρος
929 1864 945 1894 ὃ
965 1863 1090 1905 Μάγνης
1111 1863 1220 1894 Αιολίδι
1236 1864 1393 1904 διαλέκτῳ·
1404 1864 1437 1895 τὸ
1450 1864 1476 1895 δ’
1491 1863 1565 1896 αῧτὸ
1584 1866 1635 1896 καὶ
1650 1868 1831 1907 Δωωίαρχος.
1874 1858 1877 1861 ,
1899 1857 1901 1859 .

198 1914 334 1950 Quorum
346 1915 482 1945 virorum
497 1915 708 1946 auctoritatem
726 1914 751 1945 si
763 1923 938 1955 sequemur,
957 1915 1038 1945 idem
1053 1914 1116 1946 fere
1131 1914 1209 1945 effici
1224 1914 1371 1967 videmus,
1389 1915 1470 1956 quod
1484 1933 1523 1938 -—-
1539 1915 1667 1947 fortasse
1677 1934 1718 1941 -
1728 1920 1860 1960 nostra

157 1975 280 2007 quoque
294 1966 499 2008 disputatione
514 1966 670 1998 nonnullis
684 1966 883 2008 probabitur.
905 1966 1145 2008 antiquissimam
1165 1963 1334 1998 carminum
1350 1967 1581 1999 Homericorum
1597 1967 1726 2000 formam
1735 1967 1856 2002 Aeoli-¹*

156 2028 209 2050 cae
224 2018 345 2050 dialecti
362 2028 437 2060 prae
462 2029 495 2050 se
520 2019 627 2051 tulisse
645 2018 788 2059 speciem,
816 2019 868 2050 sed
894 2024 997 2060 postea
1012 2019 1102 2060 quasi
1128 2019 1161 2050 in
1184 2019 1317 2055 Ionicam
1334 2019 1470 2060 linguam
1488 2029 1606 2051 versam
1621 2025 1662 2059 et,
1677 2020 1861 2072 νο(;α1)ιι]ξε’“ζ

155 2070 359 2113 plurimisque
376 2071 509 2113 antiquis
523 2071 642 2111 formis,
660 2071 842 2113 plerumque
857 2071 946 2103 etiam
962 2071 1102 2104 consonis
1117 2072 1242 2104 servatis
1259 2071 1367 2103 Ionum
1381 2072 1498 2104 vocales
1513 2071 1814 2114 superfusasesse.
1855 2065 1864 2070 ’

1291 2149 1348 2184 Π.
1373 2148 1647 2184 meemann.
