2019 2469
723 124 734 144 γ
747 144 753 146 μ
766 90 1049 142 &finitarum
1068 108 1264 144 gentium.

802 155 1168 210 ·'·Pergaeorum.
1418 166 1756 208 Tyrrhenorum.
1808 168 1842 204 sp

756 220 869 281 gfff,
1324 229 1463 269 βλωθρός
1476 228 1632 269 (Arcades,
1652 226 1772 265 Boeoti,
1787 226 1849 257 ua·-

789 283 791 285 '
830 302 833 304 -
1276 290 1281 291 ’
1366 282 1481 319 gnetes,
1501 278 1645 320 Dryopes,
1661 276 1814 320 Carystii).

468 343 620 397 ibium·
802 359 807 365 ·
869 339 1163 372 Oenotrorum.
1437 352 1730 394 Bithynorum·

374 461 379 468 r
419 408 577 450 arcades.
584 412 703 454 Aeoles)
759 415 844 455 ῥινᾶν
856 414 986 456 (Illyrii).
1323 421 1406 451 νέκυς
1422 415 1534 456 (Iones,
1555 414 1712 453 Lacones).

768 500 1259 525 w

223 571 378 622 &bernus
399 581 495 623 igitur
516 584 650 612 trecenta
674 579 862 620 undeviginti
884 580 1040 618 vocabula,
1066 590 1143 621 quae
1168 581 1291 621 quidem
1313 581 1346 611 in
1360 581 1494 613 dialectis
1514 586 1630 613 servata
1644 581 1716 612 sint.
1740 581 1846 621 Neque

238 630 410 677 '‘j''gjdmnia
428 627 560 664 ‘eandem
573 632 634 663 vim
647 631 760 663 habere
782 631 921 662 videntur
935 631 973 662 ad
987 640 1052 662 rem
1067 631 1300 664 diiudicandum.
1325 632 1366 663 Ac
1379 633 1511 673 primum
1526 633 1649 674 quidem
1663 632 1846 664 omittendae

180 678 385 730 smitfsslossae
402 685 552 717 barbarae
577 688 608 715 et
625 683 794 724 adespotae.
821 682 925 724 Neque
939 683 1137 732 ullam‘fidem
1150 684 1328 715 habebimus
1343 684 1391 722 iis,
1411 694 1488 725 quae
1503 685 1685 725 populorum
1701 683 1845 725 propriae

181 742 263 771 sunt
269 747 308 769 ex
319 736 474 770 variarum
487 735 624 781 gentium
638 735 726 776 quasi
743 734 869 767 colluvie
884 739 1066 766 coactorum.
1087 735 1220 771 Quarum
1235 736 1267 766 in
1281 745 1408 767 numero
1420 741 1491 767 sunt
1503 736 1648 767 vocabula
1661 735 1843 775 Siculorum,

183 780 401 828 {mercem-um,
420 788 635 830 Carystiorum,
654 786 895 825 Tarentinorum,
919 786 1050 825 Cretum,
1066 787 1311 828 Corcyraeorum.
1335 787 1373 819 Ut
1387 787 1468 819 enim
1485 788 1560 819 aliae
1574 788 1697 819 voculae
1714 787 1846 819 caducae

181 833 328 873 labuntur
345 845 376 872 et
388 840 572 882 sempiterna
586 839 736 871 oblivione
751 839 933 877 obruuntur,
956 839 998 870 ita
1015 839 1091 871 aliae
1105 844 1176 871 sunt
1190 839 1331 881 opinione
1346 840 1519 879 vivaciores,
1538 845 1574 871 ut
1587 850 1648 881 qua
1664 849 1700 871 ex
1717 840 1845 871 dialecto

179 888 335 935 profectae
353 892 424 930 sint,
446 892 575 923 iudicari
596 901 658 922 non
678 890 783 931 possit.
807 891 910 931 Neque
927 891 1028 922 minus
1043 891 1170 922 dubium
1188 896 1244 929 est,
1261 896 1364 923 utrum
1378 891 1624 933 Corcyraeorum,
1640 891 1845 923 Ambraciota-

180 943 534 984 rums-Naupactiorum,
558 941 878 980 Halicarnassensium‚
901 942 1080 973 Thasiorum
1097 952 1175 982 quae
1192 943 1352 974 traduntur
1369 943 1514 974 vocabula
1527 952 1564 974 ex
1577 947 1713 974 veterum
1730 943 1845 973 incola-

178 989 308 1027 ruman
322 1004 359 1026 ex
372 995 556 1026 advenarum
571 993 807 1035 colonorumque
820 993 925 1034 lingua
941 993 1092 1025 fluxerint.
1109 993 1190 1025 Haec
1204 994 1297 1034 igitur
1313 994 1414 1026 omnia
1426 994 1563 1026 consulto
1578 994 1694 1033 omitto,
1711 994 1846 1035 itemque

181 1046 349 1091 Atticorum
374 1046 487 1088 quippe
511 1046 564 1087 qui
588 1055 624 1077 ex
639 1045 730 1077 variis
746 1045 881 1076 dialectis
899 1045 1017 1077 delectu
1031 1045 1182 1077 subtiliter
1199 1050 1228 1077 et
1251 1046 1439 1078 considerate
1452 1046 1556 1077 habito
1573 1051 1602 1077 et
1619 1046 1764 1077 vocabula
1779 1046 1846 1087 ipsa

180 1098 337 1131 etformas
350 1098 567 1131 vocabulorum
580 1097 721 1139 petivisse
734 1096 902 1128 videantur.
933 1097 1056 1129 Restant
1079 1097 1139 1129 iam
1166 1107 1244 1139 quae
1272 1097 1395 1139 quidem
1420 1103 1502 1130 certo
1527 1098 1599 1130 huic
1613 1098 1693 1129 illive
1718 1098 1845 1130 dialecto

121 1186 125 1191 ,
183 1151 278 1185 tribui
295 1151 424 1193 possint,
443 1150 588 1182 vocabula
601 1149 673 1181 281.
696 1150 760 1186 Quo
778 1159 812 1181 ex
827 1159 953 1181 numero
968 1155 1039 1181 sunt

265 1216 267 1218 -
303 1202 429 1234 Aeolum
443 1202 578 1233 solorum
722 1200 783 1232 209

303 1253 429 1286 Aeolum
444 1257 474 1285 et
487 1253 599 1284 Dorum
741 1252 781 1283 22

301 1305 427 1337 Aeolum
441 1310 471 1337 et
488 1305 594 1336 Ionum
760 1303 780 1335 3

301 1358 438 1396 Aeolum,
454 1357 579 1395 Dorum,
592 1357 698 1388 Ionum
756 1356 788 1394 4,
807 1361 842 1387 ut
856 1357 888 1387 in
904 1357 1024 1388 Aeolica
1041 1357 1166 1388 dialecto

179 1405 295 1441 erstare
310 1409 465 1441 videamus
698 1400 790 1439 ‘2‘3‘5
812 1408 925 1439 Deinde
939 1413 1010 1439 sunt

301 1450 416 1492 Dorum
430 1460 565 1491 solorum
739 1459 778 1490 27

301 1512 415 1544 Dorum
432 1516 462 1543 et
478 1512 604 1543 Aeolum
738 1510 775 1542 21

302 1559 422 1596 Dorum'
433 1568 464 1595 et
477 1563 584 1594 Ionum
758 1562 778 1594 3

303 1615 427 1653 Dorum,
443 1615 580 1653 Aeolum,
597 1614 704 1646 lonum
759 1614 789 1645 4.
807 1614 930 1645 Exstant
943 1614 1036 1654 igitur
1053 1614 1085 1645 in
1103 1615 1209 1646 Dorica

180 1663 307 1700 dialecto
720 1658 941 1707 —5'5ssnenique
956 1671 1027 1698 sunt

304 1718 412 1750 Ionum
427 1717 562 1750 solorum
739 1716 780 1748 13

304 1770 413 1802 Ionum
427 1774 459 1802 et
470 1770 596 1802 Aeolum
759 1768 779 1801 3

305 1823 413 1855 Ionum
429 1827 460 1855 et
474 1822 587 1854 Dorum
761 1820 781 1853 3
1014 1864 1017 1866 μ

196 1911 199 1914 ‚
304 1874 425 1913 Ionum,
441 1874 577 1913 Aeolum,
594 1873 708 1905 Dorum
759 1873 789 1904 4.
814 1873 937 1905 Exstant
953 1874 1047 1915 igitur
1060 1874 1093 1905 in
1109 1873 1211 1905 Ionica

181 1925 310 1969 dialecto
720 1916 807 1957 Ἦ

184 1989 186 1991 ·
211 1978 267 2011 ·Ex
282 1978 425 2011 trecentis
439 1978 532 2020 igitur
546 1978 609 2010 fere
618 1977 773 2010 vocabulis
788 1978 987 2019 quadraginta
1006 1978 1066 2010 tria
1080 1978 1112 2009 in
1127 1978 1246 2010 Aeolica
1257 1978 1384 2011 dialecto
1402 1989 1465 2011 non
1479 1980 1675 2013 inveniuntur
1689 1986 1743 2013 aut
1756 1981 1860 2022 adhuc

179 2030 319 2079 nundum
346 2030 472 2063 inventa
493 2035 574 2062 sunt.
604 2030 647 2062 Ex
670 2030 782 2072 quibus
807 2040 877 2063 cum
900 2031 1005 2072 viginti
1031 2035 1146 2073 septem
1165 2031 1290 2070 Dorum,
1316 2032 1462 2069 tredecim
1477 2033 1596 2073 Ionum,
1623 2033 1682 2066 tria
1696 2034 1810 2066 Dorum
1824 2039 1854 2066 et

179 2080 293 2126 {hlium
307 2082 379 2121 sint,
395 2083 453 2115 hoc
466 2082 601 2124 profecto
618 2082 681 2114 veri
697 2082 797 2114 simile
810 2087 943 2125 nonest,
962 2087 1015 2115 aut
1028 2092 1064 2114 ex
1078 2083 1180 2115 Ionica
1194 2088 1247 2115 aut
1260 2093 1296 2115 ex
1308 2083 1417 2116 Dorica
1430 2084 1559 2117 dialecto
1573 2095 1662 2118 voces
1675 2086 1780 2128 epicae
1794 2086 1853 2118 lin-

261 2134 418 2177 ‘proprias
437 2134 548 2177 petitas
568 2144 645 2167 esse.
669 2134 779 2166 Contra
801 2134 829 2167 si
849 2134 919 2176 quis
939 2134 1076 2167 Aeolicae
1093 2135 1212 2167 dialecti
1231 2141 1499 2169 monumentorum
1512 2138 1694 2179 paucitatem
1712 2139 1855 2181 respiciet

1303 2223 1321 2236 Ι

749 2249 765 2256 a
