2019 2469
148 151 202 183 vel
224 149 446 191 antiquissimis
460 141 657 192 temporibus
671 148 862 191 singularum
879 143 1004 179 urbi'um
1021 147 1145 189 linguas
1161 146 1339 189 permutari
1344 140 1431 191 potin
1482 170 1495 178 .
1517 186 1532 196 γ’

140 202 194 237 >iis
208 211 374 246 quaerere,
390 212 469 244 quae
484 202 551 235 fieri
565 206 743 244 potuerunt,
757 201 830 243 quid
842 201 870 232 ei
880 199 1148 243 respondebimus,
1159 198 1367 244 quiSmyrnae
1380 199 1408 232 si
1420 196 1505 233 iton*>
1566 241 1568 243 ‚

154 254 295 297 linguam
311 254 445 296 viguisse
463 254 634 293 contendet,
654 263 724 286 cum
739 257 855 289 constet
868 253 947 285 hanc
962 252 1090 284 Aeolum
1104 251 1255 284 coloniam
1269 255 1376 294 postea
1389 243 1594 287 Ionica-uus

154 303 308 340 addictam
334 307 451 339 fuisse?
475 307 579 345 Quid‘?
602 307 707 339 Nonne
733 305 1014 337 Halicarnassenses
1044 304 1182 337 Jonicam
1212 313 1269 346 pro
1300 303 1409 337 Dorica
1435 303 1620 353 dial-ectum,

153 359 297 392 Fortasse
316 365 418 392 tamen
439 360 530 391 aliam
552 369 674 400 quoque
696 357 925 400 explicationem
945 358 1021 388 haec
1042 356 1171 389 varietas
1191 356 1360 391 formarum
1374 356 1478 389 babet.
1550 353 1552 358 ’

195 412 296 450 Quare
316 413 461 454 quoniam
482 413 519 444 ad
540 421 640 444 veram
663 422 698 443 ao
717 411 881 452 genuinam
903 410 1060 452 epicorum
1080 409 1251 442 carminum
1267 409 1394 451 linguae
1404 409 1539 442 indolem
1555 409 1762 462 indagantium

154 463 229 496 satis
250 473 317 496 esse
343 469 470 506 apparet
493 465 525 495 in
552 463 709 494 nominum
731 469 762 495 et
780 462 944 493 verborum
968 462 1128 493 flexionem
1147 461 1352 502 inquisivisse,
1382 461 1442 493 alia
1459 452 1536 495 mihi
1564 462 1614 508 via
1698 465 1701 468 ’
1769 455 1772 458 “

151 516 219 549 visa
238 521 294 548 est.
317 517 453 558 Namque
475 521 509 548 ut
528 525 633 547 omnes
654 515 770 546 formae
789 514 1006 546 vocabulorum
1026 513 1213 545 misceantur
1232 518 1324 555 atque
1343 514 1422 545 inter
1438 523 1471 546 se
1489 506 1662 554 varientur,
1741 507 1745 518 ‘

154 573 257 600 tamen
274 569 340 610 ipsa
363 569 451 609 quasi
472 569 560 599 firma
579 568 727 608 quaedam
750 577 785 598 ac
803 566 900 598 solida
921 566 1043 607 linguae
1061 566 1259 598 fundamenta
1279 566 1379 608 posita
1399 566 1508 599 iacent.
1533 566 1599 599 Hoc
1618 566 1741 609 igitur

152 621 284 652 rendum
305 630 371 651 esse
392 620 510 661 putavi,
532 630 592 660 qua
622 630 657 650 ex
677 619 806 651 dialecto
827 619 990 650 verborum
1020 619 1072 650 illa
1091 619 1178 660 copia
1199 619 1334 657 fluxerit,
1363 629 1425 660 qua
1445 619 1595 651 Homerus
1617 618 1746 663 quique
1767 619 1771 626 ”

93 688 105 700 a
152 672 262 705 imitati
281 678 367 711 sunt,
392 677 527 704 utantur.
559 672 636 704 Illud
656 671 739 703 enim
760 671 820 703 iam
841 671 894 703 diu
913 671 990 703 mihi
1010 670 1171 714 persuasi,
1190 680 1253 703 non
1270 670 1496 715 modq'somas
1516 677 1548 703 et
1566 670 1775 709 flammescat

150 734 211 766 que
240 725 359 756 dialecti
392 735 457 756 esse
490 725 646 767 proprias,
676 725 729 756 sed
758 724 908 756 diversam
942 733 1189 765 unamquamque
1221 734 1239 755 a
1268 723 1437 756 maioribus
1465 723 1682 757 vocabulorum
1727 721 1729 723 ’
1760 728 1763 729 ’

151 777 319 809 hereditate
340 778 504 819 accepisse.
527 778 624 808 Erunt
644 777 697 818 qui
720 777 864 815 refutent,
880 777 975 808 multa
996 776 1120 817 quidem
1140 776 1267 808 inveniri
1289 776 1370 818 apud
1385 776 1563 817 Homerum,
1583 786 1663 818 quae
1682 776 1716 809 in
1735 776 1764 786 ”“

148 829 212 861 sint
230 829 364 871 pedestri
385 829 591 871 posteriorum
611 834 783 871 temporum
805 829 937 860 sermoni
958 829 1124 869 eademque
1136 838 1226 870 saepe
1241 838 1402 860 occurrere
1413 828 1445 860 in
1455 828 1603 868 dialectis,
1620 830 1699 871 q‘uae
1717 829 1830 862 ceteris

147 881 340 922 antiquitatis
360 881 529 912 tenaciores
545 881 669 912 fuerint.
693 881 809 918 Quibus
824 880 1011 921 argumentis
1026 885 1127 911 tamen
1142 880 1215 911 illud
1232 890 1293 912 non
1310 880 1492 921 probabitur
1502 904 1511 919 ‚
1527 880 1582 922 qui
1596 880 1663 913 fieri
1677 881 1828 923 fiotum-it,y
1859 872 1889 896 *⁷

146 937 182 964 ut
199 933 232 963 in
243 933 399 964 vocabulis
410 933 617 965 usitatissimis
628 943 775 975 persaepe
786 933 906 964 dialecti
917 942 1058 973 magnam
1072 933 1232 964 ostendant
1246 932 1535 964 dissimilitudinem.
1554 933 1642 965 Velut
1658 937 1827 977 κασίγνηως

147 984 244 1026 (quod
261 989 291 1015 et
310 984 427 1016 Lesbiis
447 989 476 1016 et
494 984 610 1026 Cypriis
633 985 663 1016 in
685 995 744 1017 usu
761 985 830 1025 fuit)
854 985 977 1016 Aeolum
997 990 1079 1016 certe
1098 984 1258 1026 proprium
1276 989 1332 1022 est,
1355 984 1500 1025 quoniam
1520 985 1552 1015 in
1570 985 1654 1016 nulla
1673 992 1774 1028 neque
1788 994 1825 1018 ex
1865 992 1869 993 ⁷

146 1037 322 1069 Ionicarum
340 1047 440 1078 neque
459 1047 495 1069 ex
516 1038 694 1069 Doricarum
713 1038 911 1069 dialectorum
935 1046 1064 1068 numero
1085 1036 1168 1068 aliud
1187 1037 1368 1068 vocabulum
1389 1036 1448 1068 nisi
1468 1036 1597 1078 ἀδελφός
1618 1038 1666 1069 vel
1683 1037 1825 1081 ἀὴλφεός

145 1089 312 1121 invenitur.
332 1089 470 1130 Itemque
491 1090 687 1122 indicandum
699 1090 757 1122 erit
770 1091 807 1122 de
821 1091 927 1129 ἄλοχος
943 1100 1000 1131 pro
1014 1090 1085 1131 γυνή
1099 1094 1130 1121 et
1145 1088 1305 1131 permultis
1324 1089 1401 1121 aliis.
1425 1089 1477 1120 Vel
1494 1094 1529 1121 ut
1548 1090 1629 1122 aliud
1650 1091 1823 1134 exemplum
1882 1114 1888 1117 <

144 1140 283 1177 afferam,
304 1140 399 1172 Dores
417 1141 474 1172 soli
493 1151 549 1182 pro
560 1142 785 1183 finolam·2r]m
794 1142 945 1179 dicebant,
962 1151 1032 1172 cum
1042 1142 1169 1173 Aeolum
1183 1146 1215 1172 et
1226 1141 1339 1172 Dorum
1353 1143 1491 1181 δέλλυμαι
1501 1141 1646 1182 (deltam
1658 1167 1667 1181 ‚
1680 1141 1820 1184 δήλόμαι)

145 1198 236 1236 esset.
258 1193 323 1225 Hoc
342 1193 436 1236 igitur
453 1194 479 1226 si
498 1195 558 1226 iam
578 1194 712 1233 dabitur,
734 1204 821 1226 suam
837 1194 986 1235 cuiusque
1008 1193 1128 1225 dialecti
1148 1202 1214 1225 esse
1234 1193 1452 1225 vocabulorum
1472 1194 1602 1236 copiam,
1628 1199 1734 1238 nostro
1754 1194 1823 1238 iure
1874 1191 1877 1193 “

144 1255 182 1277 ex
201 1245 306 1287 epicae
334 1246 457 1287 linguae
479 1247 686 1287 singularibus
708 1247 861 1279 vocabulis
887 1246 1002 1288 aliquid
1029 1245 1107 1278 effici
1130 1255 1219 1288 posse
1245 1245 1484 1278 existimabimus
1510 1246 1548 1278 ad
1573 1246 1694 1280 dialecti
1718 1246 1822 1289 epicae

144 1297 280 1329 indolem
301 1298 551 1339 investigandam.
1673 1291 1675 1293 Ι
1868 1333 1872 1336 ,

185 1350 222 1382 In
241 1361 304 1391 quo
323 1356 551 1393 peropportune
579 1352 708 1391 accidit,
736 1352 817 1394 quod
846 1352 906 1384 iam
934 1357 1051 1385 veteres
1071 1351 1260 1394 grammatici
1283 1351 1394 1383 veteris
1418 1351 1541 1393 linguae
1569 1351 1695 1393 vestigia
1722 1360 1822 1395 paene
1844 1382 1846 1385 .

143 1401 273 1433 evanida
297 1412 376 1443 quae
402 1403 525 1443 quidem
545 1404 576 1434 in
597 1404 733 1435 dialectis
752 1410 945 1436 servarentur
957 1429 965 1443 ,
986 1415 1096 1446 magna
1117 1415 1188 1436 cum
1207 1414 1281 1436 cura
1300 1405 1395 1436 secuti
1418 1395 1501 1437 sunt.
1527 1404 1613 1441 Quod
1636 1414 1822 1448 quamquam

143 1463 181 1486 ex
195 1453 289 1486 tantis
304 1453 417 1486 divitiis
428 1464 543 1496 paucae
558 1455 657 1488 adhuc
675 1455 823 1498 reliquiae
838 1460 1014 1498 supersunt,
1031 1465 1107 1498 quas
1122 1465 1158 1487 ex
1168 1455 1458 1498 glossographorum
1476 1455 1661 1487 abundantia
1675 1455 1822 1489 delibatas

143 1506 362 1548 lexicographi,
379 1508 579 1550 gramatici,
597 1508 776 1541 scholiastae
801 1509 1008 1547 tradiderunt,
1030 1513 1116 1550 grato
1135 1513 1237 1541 tamen
1258 1507 1359 1540 animo
1379 1507 1610 1547 confitebimur,
1634 1517 1671 1540 ea
1691 1512 1819 1549 restare,
1861 1501 1865 1504 ⁹
1916 1525 1923 1533 ι

142 1566 200 1598 per
220 1567 300 1598 quae
321 1558 468 1589 iudicium
491 1560 590 1591 facere
613 1560 703 1591 liceat
726 1561 763 1591 de
794 1562 956 1592 verborum
984 1561 1217 1592 Homericorum
1244 1561 1449 1601 plurimorum
1472 1561 1571 1601 patria
1596 1570 1632 1593 ac
1652 1561 1819 1594 domicilio.

143 1608 227 1642 Haec
252 1609 347 1651 igitur
372 1611 508 1642 subsidia
529 1612 631 1653 operis
649 1612 749 1654 prima
769 1612 916 1651 adhibui,
945 1623 1066 1655 semper
1085 1617 1234 1654 quantum
1252 1613 1338 1654 potui
1353 1621 1557 1653 praecavenS,
1573 1621 1611 1644 ne
1621 1617 1744 1654 praeter
1754 1622 1821 1645 cer-

143 1661 263 1694 tissima
278 1663 448 1704 quidquam
462 1664 614 1696 afferrem.
627 1665 753 1698 Maxime
769 1665 850 1697 enim
866 1666 1032 1697 cavendum
1048 1665 1141 1697 estin
1153 1665 1203 1697 his
1217 1664 1338 1701 studiis,
1355 1674 1394 1696 ne
1408 1664 1509 1707 specie
1519 1664 1682 1696 verborum
1689 1664 1819 1704 fallaris,
1868 1688 1881 1709 :1

141 1722 213 1746 cum
240 1715 455 1755 grammaticos
480 1716 626 1747 vocabula
648 1717 753 1748 Jonice
776 1718 823 1748 vel
848 1717 953 1749 Dorice
979 1718 1026 1749 vel
1051 1717 1170 1749 Aeolice
1194 1717 1264 1749 ficta
1287 1726 1353 1748 esse
1380 1716 1489 1748 docere
1515 1716 1632 1748 audias.
1652 1716 1742 1749 Velut
1756 1717 1825 1761 ειηΑ

142 1766 258 1798 vocalis
283 1766 315 1798 in
335 1780 362 1799 ει
393 1767 614 1810 diphthongum
633 1769 831 1802 mutationem
851 1769 1109 1812 comprehendere
1132 1768 1190 1802 sibi
1211 1768 1363 1807 videntur,
1388 1768 1533 1801 continuo
1562 1768 1735 1801 Boeoticam
1758 1769 1822 1802 dia-
1887 1807 1889 1811 ¹

140 1819 254 1851 lectum
274 1830 377 1852 vocem
399 1821 534 1862 resipere
559 1822 741 1861 existimant,
768 1828 802 1854 ut
824 1833 913 1866 saepe
938 1823 973 1855 fit
996 1823 1029 1856 in
1059 1826 1240 1865 καυστειροΐο
1268 1821 1478 1865 explicatione.
1507 1821 1542 1855 ln
1569 1831 1631 1865 quo
1656 1827 1739 1855 tanta
1761 1822 1822 1856 ruit
1838 1822 1887 1859 ’ὦς’

140 1869 378 1912 Byzantinorum
414 1873 595 1913 praesertim
623 1875 775 1913 versutia,
809 1880 843 1906 ut
870 1876 1017 1907 nonnulla
1044 1876 1189 1907 vocabula
1220 1885 1237 1906 e
1267 1875 1367 1906 tribus
1395 1875 1442 1906 vel
1469 1884 1487 1907 e
1514 1879 1646 1916 quatuor
1680 1871 1821 1913 dialectis

139 1923 283 1964 componi
320 1924 379 1955 sibi
421 1924 479 1967 ipsi
514 1926 744 1967 persuaderent.
798 1927 940 1967 Accedit,
984 1928 1066 1970 quod
1097 1927 1151 1959 uni
1186 1932 1293 1970 poetae
1330 1936 1423 1958 unam
1455 1927 1619 1959 dialectum
1649 1919 1848 1961 vindicam-³,
1948 1971 1951 1973 -

140 1980 214 2007 runt
239 1975 353 2017 (Schol.
381 1977 430 2008 ad.
459 1977 535 2019 opp.
562 1978 628 2010 Hal.
654 1979 677 2010 l.
703 1978 760 2011 131
786 1989 792 2010 2
813 1980 964 2012 Διᾶλεκωι
985 1986 1080 2013 rvs'm.
1106 1980 1172 2016 Ἰάς·
1188 1980 1323 2022 Ὅμηρος.
1347 1978 1453 2016 'Ar-9⁶25·
1476 1979 1688 2022 Ἀριστοφάνης.
1715 1983 1829 2023 Δωρίς·
1857 1976 1884 2023 fl

138 2028 302 2070 Θεόκριτος.
318 2030 422 2066 Αἰολίς
435 2029 570 2067 Ἀλκαῖος.
586 2033 636 2063 καὶ
648 2032 740 2074 κοινή·
758 2033 927 2074 Πίνδαρος),
948 2038 982 2065 ιιι
1003 2033 1106 2065 omnia
1124 2032 1162 2065 ab
1184 2041 1220 2064 eo
1240 2036 1388 2075 usurpata
1398 2025 1438 2063 ‘ex
1451 2031 1504 2063 illa
1517 2031 1645 2064 dialecto
1659 2027 1820 2076 desumpta
1850 2051 1853 2054 -

140 2089 209 2111 esse
224 2080 390 2113 fidentibus
409 2082 518 2114 animis
537 2083 764 2116 confirmarent.
783 2084 882 2121 Ἰακῶς
899 2085 1023 2127 quidem
1042 2091 1073 2117 et
1086 2085 1215 2118 Ἰωνικόν
1235 2093 1382 2126 persaepe
1403 2083 1481 2116 nihil
1500 2084 1583 2116 aliud
1598 2080 1749 2126 signifieat
1757 2083 1819 2118 nisi
1855 2093 1857 2095 ’
1879 2091 1890 2117 ³.

138 2141 243 2164 vocem
273 2133 415 2165 usitatam
439 2144 505 2166 esse
533 2136 665 2167 Homero
690 2136 817 2177 eiusque
843 2137 1058 2169 imitatoribus.
1093 2137 1193 2174 Quare
1214 2136 1240 2168 si
1260 2136 1409 2177 quaedam
1432 2136 1600 2169 desiderari
1618 2136 1816 2176 videbuntur,
1836 2141 1850 2176 γ’
