2019 2469
272 305 555 359 minume
573 257 773 352 temporibus
788 309 841 338 aut
856 305 1016 338 hominum
1037 306 1224 348 antiquitatis
1245 306 1452 338 studiosorum
1477 306 1628 339 industria
1648 316 1666 338 e
1689 307 1834 339 delubro-

168 399 175 402 .,
199 367 213 386 -ῑ
253 352 459 406 collapsurum
482 363 573 401 atque
595 358 727 417 aedium
747 357 965 400 curiarumque
987 358 1153 390 deletarum
1178 358 1336 401 parietinis
1361 358 1484 397 effodit,
1509 364 1563 391 aut
1585 359 1832 418 doctissimorum

329 462 579 508 perspicuitatem
597 462 711 495 elicuit.
736 462 792 495 His
809 463 890 495 enirn
908 463 1095 495 fidelissimis
1114 464 1301 505 antiquitatis
1323 461 1502 496 testimoniis
1523 464 1582 506 ipsi
1600 464 1707 507 populi
1725 465 1830 497 nobis—

325 516 332 523 *
343 516 506 561 videntur.
530 515 575 547 Ne
594 520 696 547 tamen
716 524 755 546 ne
772 515 822 546 his
835 515 960 556 quidem
979 515 1055 546 falsa
1074 516 1287 556 probarentm,
1306 521 1388 547 certo
1399 516 1526 547 consilio
1536 522 1567 548 et
1576 517 1681 548 titulos
1692 517 1830 548 versibus

159 567 351 615 emptos&
353 577 408 601 eos
428 566 631 611 praetermisi,
653 567 706 609 qui
727 567 759 598 in
776 567 904 599 Romani
928 566 1050 609 imperii
1066 572 1196 599 aetatem
1217 567 1365 598 incidunt.
1391 568 1454 599 Hoc
1471 568 1594 609 quidem
1610 568 1727 600 nemini
1741 569 1830 600 facile

280 622 292 629 “
324 631 360 660 r,
379 621 462 663 quod
482 620 617 661 legitur·
609 629 641 651 in
660 620 747 651 titulo
767 620 930 651 admodum
948 620 1063 651 recenti
1082 620 1298 661 Aphrodisiade
1319 626 1439 662 reperto
1460 621 1504 661 (C.
1524 621 1551 652 J.
1574 621 1687 661 2804),
1710 621 1828 653 laudari

156 675 471 716 fimi-mmm
483 673 667 711 Ῥοδοπαΐον,
685 673 736 704 τὸν
758 672 934 713 φιλόπατριν
954 674 1004 704 καὶ
1023 671 1141 713 ὀίω[τ]ον
1161 671 1234 713 ω[(ῖ]
1256 672 1365 713 δήμου,
1384 672 1414 703 id
1434 682 1469 704 ex
1489 678 1588 704 vetere
1607 674 1736 705 dialecto
1754 683 1828 716 pro—

108 743 124 760 ,ψ
142 726 293 766 χνωὶεβό.
314 724 378 757 lmo
398 734 436 757 ne
455 724 508 757 hic
525 724 649 766 quidem
668 724 728 756 nisi
747 724 924 756 certissimis
944 723 1225 766 probatissimisque
1246 724 1433 756 documentis
1457 724 1547 756 fidem
1569 725 1740 757 habendam
1759 735 1828 758 esse

150 774 273 822 putavi
292 797 332 802 —
351 778 456 820 Neque
474 782 575 810 tamen
594 777 625 808 id
645 777 721 809 mihi
740 786 838 816 sumo,
861 777 975 815 omnia,
1000 786 1079 818 quae
1100 777 1175 808 locis
1194 777 1282 817 longe
1302 777 1441 818 relegatis
1460 777 1635 809 abscondita
1654 778 1759 817 latent,
1777 789 1827 811 me

156 831 328 876 ’00110ςί880.
358 830 416 862 Sed
438 830 461 862 ii
479 831 607 862 sortasse
624 830 743 861 veniam
760 830 893 869 dabunt,
916 831 969 871 qui
991 840 1060 861 eum
1076 830 1174 861 simile
1194 840 1270 871 opus
1292 830 1449 862 condere'
1441 831 1499 872 ipsi
1520 837 1718 870 conarentur,
1736 833 1826 864 intel-

152 883 298 921 iexerunt
321 883 526 915 vastissimum
552 883 711 915 literarum
739 892 881 924 campum
910 888 1010 914 mente
1040 883 1282 924 percurrendum
1307 893 1372 914 esse
1401 893 1500 924 neque
1529 884 1615 915 facile
1645 894 1707 915 uno
1736 886 1825 926 quasi

156 940 327 970 commeatu
348 936 451 969 omnia
470 936 653 968 coacervari.
686 936 828 974 Accedit,
855 936 946 980 quod
963 936 1099 977 quamvis
1125 945 1233 976 magna
1260 936 1351 967 fuerit
1370 936 1540 968 academiae
1562 937 1826 976 Argentoratensis

144 982 334 1027 iiberalitas,
359 989 408 1020 cui
429 994 530 1029 grates
551 998 608 1029 ago
629 998 722 1029 quam
742 989 899 1026 maximas,
923 993 1024 1019 tamen
1044 998 1106 1019 non
1126 998 1240 1029 paucos
1261 988 1367 1026 libros,
1391 988 1444 1029 qui
1462 988 1487 1019 si
1511 997 1572 1019 non
1592 988 1771 1042 plurimum,
1796 994 1827 1020 at

145 1040 272 1082 aliquid
293 1046 395 1073 tamen
413 1041 513 1072 facere
534 1041 572 1072 ad
593 1045 767 1081 susceptum
787 1040 949 1072 consilium
964 1040 1158 1078 videbantur,
1183 1040 1333 1081 inspicere
1355 1049 1417 1071 non
1437 1040 1534 1081 potui

196 1093 299 1125 Restat
318 1098 353 1124 ut
370 1098 532 1134 antequam
552 1092 589 1124 ad
611 1093 677 1135 ipsa
696 1093 842 1124 vocabula
862 1092 1068 1124 enumeranda
1087 1098 1178 1133 atque
1199 1092 1383 1124 recensenda
1404 1092 1521 1131 adeam,
1543 1092 1648 1134 paucis
1666 1093 1822 1134 explicem,

154 1155 233 1186 quae
253 1145 430 1176 Homericae
449 1145 571 1177 dialecti
591 1145 716 1186 propria
737 1154 804 1176 esse
824 1145 898 1176 mihi
919 1145 983 1176 visa
1003 1145 1127 1176 fuerint.
1150 1145 1245 1181 Quam
1268 1144 1370 1176 nescio
1389 1154 1428 1175 an
1449 1145 1541 1185 paulo
1560 1145 1650 1176 latius
1670 1145 1824 1186 pertinere

123 1200 128 1203 '
154 1197 319 1229 arbitratus
341 1197 409 1228 sim.
432 1197 535 1238 Neque
556 1197 638 1228 enim
658 1197 731 1228 satis
749 1197 843 1228 habui
865 1206 900 1228 ea
920 1197 1128 1228 tantummodo
1147 1197 1284 1228 attulisse
1298 1221 1305 1234 ,
1334 1206 1411 1237 quae
1433 1197 1492 1228 nisi
1513 1197 1545 1227 in
1567 1197 1690 1228 Homeri
1712 1199 1823 1229 carmi-

142 1244 244 1283 nibus
262 1260 413 1292 nusquam
432 1248 555 1291 obviam'
567 1250 685 1282 fierent.
708 1249 756 1282 Sic
770 1249 851 1281 enim
865 1259 985 1288 censeo,
1005 1259 1061 1292 per
1075 1249 1176 1281 omnia
1194 1249 1330 1281 omnium
1344 1254 1505 1291 poetarum
1522 1249 1658 1280 carmina
1669 1249 1823 1282 Homerici

155 1302 305 1335 sermonis
334 1302 513 1334 memoriam
539 1302 701 1344 perfundi,
726 1312 796 1334 cum
817 1308 847 1334 et
871 1307 976 1344 poetae
1004 1303 1061 1344 ipsi
1088 1302 1175 1343 quasi
1200 1302 1352 1344 exemplar
1373 1302 1554 1334 imitandum
1576 1302 1743 1334 Homerum
1765 1302 1823 1335 sibi

152 1348 382 1399 proposuerint,
405 1360 435 1387 et
455 1364 560 1399 omnes
579 1355 745 1393 auditores,
760 1355 858 1396 utqui
872 1360 992 1396 poetam
1010 1364 1162 1386 summum
1177 1354 1298 1396 penitus
1316 1355 1536 1396 pernovissent,
1558 1355 1660 1386 omnia
1677 1356 1825 1387 vocabula

153 1409 376 1447 intellexerint,
400 1408 518 1440 etiamsi
538 1407 569 1439 in
590 1407 727 1449 ipsorum
751 1399 887 1439 dialectis
909 1407 1020 1439 usitata
1042 1416 1103 1438 non
1125 1412 1235 1438 essent.
1268 1408 1364 1448 Atque
1387 1407 1550 1449 Aeschylus
1574 1407 1697 1449 quidem
1718 1417 1824 1440 omnes

154 1470 231 1503 quas
252 1460 424 1502 scripsisset
443 1459 560 1490 fabulas
581 1469 643 1490 non
663 1468 729 1490 esse
749 1459 809 1490 nisi
829 1460 941 1500 τεμάχη
962 1460 1020 1491 τῶν
1037 1460 1164 1500 Ὁμήρου
1184 1461 1319 1498 μεγάλων
1338 1463 1465 1491 δείπνων
1484 1461 1640 1500 professus
1660 1466 1716 1491 est.
1745 1460 1823 1496 Quin

152 1513 243 1546 etiam
265 1522 302 1545 ea
328 1512 479 1555 assumpsi
500 1521 578 1555 quae
597 1516 718 1555 praeter
737 1516 842 1554 poetas
864 1512 954 1543 etiam
976 1511 1114 1543 nonnulli
1141 1511 1291 1553 pedestris
1314 1511 1463 1543 sermonis
1483 1511 1648 1553 scriptores
1670 1521 1825 1543 nonnum-

54 1562 85 1607 ,ss
110 1584 119 1592 ι
152 1576 245 1608 quam
264 1571 500 1607 usurpaverunt,
521 1565 719 1604 Herodotum,
741 1564 911 1603 Platonem,
933 1565 1163 1606 Xenophontem
1180 1565 1266 1603 dieo,
1294 1565 1439 1606 quoniam
1459 1565 1555 1596 multa
1582 1574 1633 1596 eos
1654 1569 1771 1597 constat
1788 1575 1825 1597 ex

58 1617 77 1654 j·
108 1617 111 1619 ’
151 1616 313 1659 poetarum
333 1626 473 1658 sermone
499 1617 631 1648 delibata
648 1617 682 1648 in
701 1626 792 1648 suum
812 1617 945 1648 fructum
963 1617 1157 1648 convertisse.
1196 1618 1263 1657 (Vd.
1284 1627 1362 1658 quae
1383 1618 1589 1657 Hermogenes
1611 1618 1649 1648 de
1671 1618 1825 1649 Herodoto

56 1662 82 1693 ἦ
96 1665 111 1698 ᾗ
152 1668 225 1702 aiei
238 1671 389 1706 Ἑκαταῖος
402 1693 409 1701 .
426 1693 433 1701 .
450 1693 457 1700 .
475 1669 511 1711 τῇ
529 1671 668 1711 διαλέκτῳ
685 1668 801 1710 ἀκράτῳ
817 1668 888 1701 Ἰάδι
914 1671 963 1700 καὶ
982 1668 1017 1701 οὗ
1036 1675 1195 1711 μῆωχαίνῃ
1214 1670 1395 1711 χρησάμενος
1413 1669 1484 1701 οῦδὲ
1501 1670 1577 1701 κατά
1599 1670 1650 1701 τὸν
1665 1670 1826 1709 “Ηρόδοων

129 1726 133 1731 “
151 1721 292 1764 nonan).
320 1721 364 1753 De
384 1731 445 1763 quo
466 1731 534 1753 mox
557 1721 636 1753 alius
656 1722 716 1753 erit
734 1720 860 1753 fortasse
887 1722 985 1753 locus·
997 1721 1181 1763 disputandi.
1208 1722 1293 1758 Quod
1315 1722 1439 1763 quidem
1468 1722 1652 1762 posteriores
1672 1721 1824 1763 pedestris

150 1770 302 1808 sermonis
319 1774 496 1816 scriptores,
516 1773 570 1815 qui
592 1773 685 1816 epicis
705 1773 859 1805 vocabulis
880 1773 928 1805 usi
948 1773 1009 1805 sint
1026 1773 1136 1805 afferre
1156 1774 1333 1815 supersedi,
1358 1774 1384 1805 is
1406 1783 1468 1805 non
1488 1774 1670 1812 mirabitur,
1694 1774 1748 1815 qui
1771 1774 1824 1805 ho-

110 1844 124 1854 ·
150 1828 242 1866 τωο,
268 1826 474 1869 sophistarum
501 1826 704 1869 praesertim,
736 1825 898 1858 dictionem
924 1826 1000 1858 sciat
1023 1827 1108 1868 operi
1134 1826 1330 1858 vermiculato
1355 1826 1540 1858 simillimam
1568 1836 1635 1858 esse
1665 1826 1823 1859 tesserulis

127 1878 287 1919 undique
306 1879 456 1920 decerptis
478 1879 698 1921 compaginato.
1555 1885 1558 1888 “

189 1930 362 1972 Sequantur
382 1930 477 1972 igitur
494 1931 584 1962 solito
606 1931 708 1963 lexicis
728 1931 834 1962 ordine
852 1931 997 1973 disposita
1018 1912 1163 1962 vocabula
1188 1932 1365 1969 Homerica,
1388 1941 1466 1972 quae
1489 1932 1612 1972 quidem
1632 1932 1664 1962 in
1685 1932 1823 1964 dialectis

151 1988 269 2016 servata
285 1983 421 2025 reperire
440 1983 625 2025 potuerim·

55 1910 135 1950 21¹0

967 2042 1000 2068 Δ.

188 2100 358 2141 Ἂγλαός.
377 2100 567 2142 Cypriorum
586 2099 787 2139 Cretensium,
806 2100 1130 2133 Lacedaemoniorum:
1155 2100 1292 2143 Hesych:
1312 2101 1442 2141 ἀγλαόν
1466 2102 1623 2143 γλαφυρόν.
1642 2102 1750 2144 Κρῆως
1773 2104 1823 2134 καὶ

150 2153 285 2194 Κύπριοι.
301 2152 370 2184 Exc.
387 2162 404 2183 e
423 2153 490 2184 cod.
508 2152 615 2184 Urbin.
617 2152 716 2192 157
708 2162 739 2184 ιιι
755 2152 846 2184 Bekk.
864 2153 974 2184 Anecd.
992 2153 1042 2184 111.
1056 2163 1087 2194 p.
1104 2152 1206 2184 1096:
1231 2154 1391 2186 Λακώνων
1409 2154 1540 2194 ἀγλαός·
1553 2155 1648 2190 κακῶς.
