2019 2469
208 510 453 574 'steinenla
479 534 726 569 Homerica
751 534 800 568 in
825 533 1041 568 dialectis
1067 533 1256 568 Graecis
1282 535 1329 568 et
1352 535 1401 568 in
1426 534 1660 569 cotidiano
1683 533 1817 577 vulgi

753 664 757 668 .
787 645 1003 671 sermone
1035 637 1234 670 servata.

205 931 356 967 >Omnium
372 935 425 976 qui
440 934 648 975 quaestionem
663 939 693 965 et
708 934 915 975 gravissimam
931 939 961 965 et
974 933 1182 965 difficillimam
1200 934 1237 965 de
1253 934 1422 965 carminum
1434 935 1663 966 Homericorum
1679 940 1709 966 et
1724 941 1847 967 auctore

176 992 207 1019 et
222 987 321 1030 patria
338 987 523 1025 tractandam
542 990 741 1028 susceperunt
755 1011 763 1025 ‚
789 995 850 1017 non
870 986 957 1018 facile
977 986 1026 1018 his
1047 986 1171 1027 quidem
1190 986 1379 1028 temporibus
1400 986 1562 1028 quisquam
1581 987 1751 1019 invenietur
1763 1013 1771 1026 ,
1794 989 1846 1030 qui

128 1036 131 1038 ’
150 1069 153 1071 .
173 1038 246 1073 solis
265 1050 300 1072 ex
316 1045 453 1072 veterum
471 1039 737 1081 grammaticorum
760 1039 940 1071 testimoniis
958 1044 1011 1071 aut
1024 1049 1060 1070 ex
1075 1039 1193 1071 indiciis
1210 1044 1303 1070 totam
1319 1049 1397 1080 quae
1412 1049 1494 1071 nunc
1508 1045 1554 1072 est
1571 1040 1741 1072 carminum
1759 1041 1846 1072 indo-

173 1093 231 1124 lem
241 1118 250 1130 ‚
275 1093 523 1134 compositionem
537 1117 544 1129 ‚
569 1092 797 1133 dispositionem
812 1092 1018 1133 spectantibus
1032 1092 1188 1123 veritatem
1207 1091 1284 1123 effici
1300 1101 1389 1133 posse
1404 1092 1580 1124 arbitretur.
1608 1093 1671 1124 Imo
1686 1094 1775 1125 facile
1788 1094 1846 1125 hoc

173 1138 261 1176 nobis
274 1144 398 1176 dabitur
409 1169 416 1182 ,
433 1144 562 1175 multum
580 1144 678 1174 facere
694 1143 731 1174 ad
746 1153 811 1175 rem
825 1143 1051 1174 diiudicandam
1068 1143 1204 1184 linguam
1222 1143 1337 1184 epicam
1350 1168 1358 1181 ‚
1378 1144 1403 1175 si
1422 1144 1568 1175 vocabulo
1585 1144 1677 1175 etiam
1692 1146 1736 1176 uti
1752 1146 1824 1177 licet
1835 1171 1843 1183 ,

172 1208 233 1240 qua
247 1197 317 1229 Ilias
336 1201 366 1229 et
382 1196 511 1239 Odyssea
528 1189 657 1238 scriptae
676 1200 756 1228 sunt.
788 1196 852 1233 Qua
871 1200 1027 1236 tamen-re
1048 1196 1102 1228 toti
1124 1196 1333 1238 disceptationi
1355 1196 1444 1228 etiam
1464 1197 1589 1229 densior
1609 1197 1706 1238 caligo
1727 1198 1844 1230 offundi

137 1256 139 1259 '
172 1250 302 1282 videtur.
332 1249 413 1281 Adeo
428 1249 508 1280 enim
524 1248 678 1280 variarum
692 1249 891 1280 dialectorum
908 1249 1014 1289 quales
1031 1253 1136 1289 postea
1153 1254 1378 1289 cognoscuntur
1395 1249 1532 1281 diversae
1547 1250 1661 1281 formae
1678 1251 1846 1282 miscentur

139 1298 141 1300 ¹
172 1308 201 1335 et
219 1303 297 1334 in·er
312 1312 344 1334 se
358 1307 571 1344 permutantur
584 1327 591 1340 ‚
622 1306 655 1332 ut
672 1311 733 1333 non
748 1301 859 1333 iniuste
873 1301 1008 1332 iudicare
1026 1301 1163 1333 videatur
1175 1326 1183 1339 ,
1210 1302 1263 1342 qui
1279 1302 1415 1333 omnium
1430 1303 1493 1334 fere
1508 1302 1693 1334 Graecarum
1707 1304 1842 1344 gentium

172 1355 296 1396 vestigia
323 1355 365 1388 ibi
397 1348 545 1398 impressa
569 1355 697 1387 inveniri
725 1359 856 1387 censeat.
875 1354 1066 1397 Quapropter
1082 1354 1195 1386 mirum
1210 1364 1277 1386 esse
1298 1364 1359 1387 non
1386 1355 1485 1394 debet,
1512 1356 1593 1397 quod
1618 1366 1691 1388 suae
1715 1356 1845 1398 quisque

171 1398 337 1440 sententiae
364 1409 547 1440 adminicula
571 1408 640 1439 inde
664 1408 761 1449 petiit.
786 1408 874 1439 Velut.
889 1412 925 1438 ut
938 1417 1073 1438 summos
1087 1407 1168 1439 viros
1182 1408 1336 1438 nominem
1350 1432 1358 1446 ,
1382 1408 1417 1438 G.
1444 1408 1566 1439 Curtius
1588 1409 1674 1449 quasi
1701 1409 1844 1440 disiectas

170 1460 369 1493 dialectorum
394 1460 558 1502 parietinas
579 1464 610 1490 et
630 1459 840 1501 antiquissima
862 1468 932 1490 cum
954 1459 1171 1491 recentissimis
1192 1464 1282 1500 atque
1307 1460 1398 1490 etiam
1416 1459 1453 1490 ad
1472 1459 1578 1491 salsam
1600 1469 1738 1491 normam
1763 1460 1844 1492 fictis

106 1552 118 1554 Ἃ
168 1513 318 1555 permixta
332 1513 465 1556 conspici
480 1512 607 1555 putavit,
623 1513 679 1544 Th.
693 1512 839 1553 Bergkius
850 1511 986 1554 linguam
997 1522 1059 1544 non
1074 1517 1139 1544 arte
1148 1511 1260 1551 fictam,
1279 1512 1331 1543 sed
1347 1512 1379 1543 in
1393 1512 1476 1553 vulgi
1491 1512 1684 1545 sermonibus
1700 1513 1842 1545 usitatam

103 1565 107 1567 “
122 1565 125 1569 ’
145 1583 147 1586 -
169 1566 306 1608 reperire
334 1566 393 1598 sibi
419 1566 502 1597 visus
527 1570 583 1597 est.
617 1565 752 1601 Quorum
780 1565 855 1595 illud
876 1564 1121 1605 probabilitatem
1148 1564 1261 1595 habere
1291 1564 1367 1595 mihi
1393 1565 1577 1605 persuadere
1606 1565 1749 1605 equidem
1782 1576 1843 1597 non

169 1628 304 1661 possum.
322 1618 400 1656 Quid
414 1618 520 1650 enim‘?
537 1617 617 1649 Num
634 1616 821 1649 arbitramur
835 1621 928 1648 totam
942 1616 1131 1657 Graecorum,
1142 1616 1295 1648 nationem
1312 1617 1410 1657 (nulla
1427 1621 1482 1648 aut
1499 1617 1606 1657 exigua
1622 1617 1751 1649 fortasse
1770 1628 1843 1649 mu-

168 1672 282 1711 tatione
304 1670 394 1712 sacta)
416 1680 484 1703 eam
506 1669 641 1711 linguam
669 1669 758 1711 quasi
783 1669 960 1711 arripuisse,
986 1678 1064 1710 quae
1088 1668 1166 1700 miro
1192 1668 1415 1710 rhapsodorum
1441 1668 1568 1701 artificio
1593 1674 1624 1701 et
1646 1669 1842 1702 dissimilium

167 1715 301 1767 partium
318 1722 575 1764 conglutinatione
592 1722 722 1769 conflata
735 1721 838 1753 esset?
860 1722 982 1753 Accedit
997 1721 1079 1763 quod
1093 1730 1155 1753 non
1169 1721 1340 1752 carminum
1357 1722 1417 1753 alia
1435 1731 1507 1763 pars
1526 1722 1617 1753 aliam
1634 1732 1708 1763 prae
1729 1732 1762 1754 se
1783 1723 1843 1754 fert

168 1776 312 1820 speciem,
328 1776 380 1809 sed
400 1774 600 1818 aequabiliter
616 1784 673 1817 per
689 1779 782 1807 totam
797 1774 899 1816 operis
917 1774 1147 1807 continuitatem
1169 1775 1274 1808 eadem
1296 1775 1463 1806 formarum
1485 1775 1614 1806 varietas
1631 1774 1838 1817 perfunditur.

167 1830 235 1863 Non
251 1839 348 1871 aeque
362 1828 588 1870 compendiaria
601 1828 650 1859 via
666 1827 704 1859 ad
719 1827 839 1868 Bergkii
853 1827 1034 1869 sententiam
1044 1828 1234 1859 refutandam
1249 1828 1319 1859 duci
1334 1828 1482 1859 videmur.
1499 1827 1687 1869 Quamquam
1699 1828 1838 1865 offendit,

157 1870 402 1924 squodeiusdem
415 1890 506 1923 saepe
523 1880 661 1924 vocabuli
680 1880 795 1911 formae
813 1879 980 1911 variantur.
1005 1880 1043 1911 At
1057 1880 1089 1911 in
1105 1880 1201 1911 titulis
1216 1881 1297 1911 tertii
1315 1886 1344 1912 et
1362 1881 1488 1912 secundi
1503 1880 1631 1911 maxime
1645 1881 1838 1912 saeculorum

104 1958 122 1970 ὸ.
144 1949 148 1967 ;
168 1929 334 1977 (Delphicis
351 1933 531 1977 praesertim
549 1938 580 1965 et
592 1932 730 1974 Creticis)
748 1931 871 1964 eaedem
891 1932 1143 1964 commutationes
1161 1938 1338 1964 occurrunt.
1359 1932 1455 1964 Audio
1474 1937 1632 1964 monentes
1650 1942 1687 1964 eo
1703 1929 1840 1975 tempore

98 1975 157 2040 7333}-
166 1985 231 2020 hoe
241 1985 353 2019 saetam
367 1995 445 2025 esse,
462 1995 523 2027 quo
537 1985 737 2017 dialectorum
748 1983 828 2016 inter
837 1994 871 2016 se
880 1983 1145 2016 dissimilitudines
1159 1990 1383 2016 evanescerent.
1400 1983 1506 2026 Neque
1522 1989 1624 2016 tamen
1633 1984 1758 2016 infitiari
1769 1977 1840 2017 lieet
