2019 2469
192 432 279 477 β’λο
281 432 370 477 θρό
377 448 392 472 ς
402 435 453 476 (Η.
470 434 548 472 XIII,
567 433 639 465 390.
652 434 707 465 Od.
720 434 818 471 XXIV,
832 432 918 474 233)
934 434 1094 472 Arcadum,
1111 435 1302 473 Boeotorum,
1320 435 1501 475 Magnetum,
1515 435 1678 475 Dryopum,
1695 407 1824 473 Tyrrhe-

195 477 199 481 *
221 481 224 483 v
277 486 510 532 Carystiorum.
527 485 625 518 Schol.
643 485 675 516 in
689 485 777 516 Hom.
795 485 829 516 11.
845 485 923 523 XIII,
939 485 1011 517 590.
1027 485 1278 524 (ed.·Bachmann
1291 496 1322 528 p.
1336 485 1396 518 538
1410 496 1417 523 ;
1436 486 1546 517 similia
1561 485 1641 525 apud
1653 485 1823 515 Bekkerum

269 538 337 588 ²14⁰-
347 538 428 581 sqq).
445 543 528 575 πίτυς
539 538 672 581 βλωθρή.
687 539 762 570 καιυὶ
774 542 829 578 μὲν
838 537 975 579 Ἀρκάδας
989 538 1102 581 ἆπαλή,
1114 540 1189 571 κατὰ
1202 541 1234 571 δὲ
1248 540 1390 575 Βοιωτοὺς
1402 538 1513 582 ὑψηλή,
1527 538 1602 570 κατά
1615 539 1646 569 δὲ
1661 537 1825 579 Μάγνητας

154 591 342 641 We,
354 591 431 622 moi
444 593 477 621 δὲ
487 590 632 632 Δρύοπας
647 593 775 630 τραχεῖα,
789 591 864 621 κατᾰ
877 593 910 620 δὲ
928 592 1092 632 Τυρρηνούς
1104 590 1274 632 ηὐξημένον,
1288 604 1363 622 κατα
1376 594 1553 630 Καρυστιους
1566 593 1598 620 δὲ
1612 590 1731 630 σκληρά.

196 643 352 685 βουγάῖ
359 656 408 680 ος.
436 642 674 675 Dulichiotarum
700 648 730 675 et
755 642 935 674 Samiorum.
964 643 1062 675 Schol.
1092 643 1124 674 in
1142 643 1229 674 Hom.
1256 643 1384 682 11.X111‚
1402 642 1478 674 8⁶24:
1498 645 1658 682 Νιὸιαπδρος
1675 644 1710 673 δέ
1721 652 1821 683 φησιν,

133 689 143 737 'j
153 694 202 732 8η-
212 696 403 745 Awhzwhm
418 698 468 728 καὶ
487 696 592 735 Σάμιοι
605 697 670 731 τούς
686 698 840 731 ἐσθίοντας
855 697 888 728 τὸ
911 696 996 736 γάλα,
1018 699 1109 738 μηδὲν
1122 697 1180 727 δὲ’
1167 696 1320 735 ισχύοντας
1332 697 1471 736 βουγαΐοι
1472 708 1485 731 ς
1504 695 1651 727 καλοῦσιν.
1683 694 1819 725 Eustalli.

128 760 131 764 ⁴
157 747 231 788 962,
245 747 299 778 11.

172 800 336 841 βροτός.
356 800 583 831 Thessalorum:
601 800 780 832 Θεσσαλῶν·
791 800 909 840 βροτός·
919 800 1090 841 ἅνθρωπος.
1104 800 1172 830 Exe.
1186 809 1202 830 e
1214 800 1280 830 cod.
1299 800 1404 831 Urbin.
1419 799 1478 830 157
1491 799 1523 829 in
1535 799 1626 830 Bekk.
1640 798 1750 829 Anecd.
1767 798 1816 828 111.

158 859 189 892 p.
201 850 295 882 1095.
311 851 445 886 Quocum
460 845 597 882 conferas
609 851 732 883 Aeolum
748 851 877 891 glossam
892 852 929 882 ab
943 851 1090 892 Hesychio
1102 856 1265 882 servatam:
1285 852 1457 891 μορτοβάτιν
1468 860 1474 866 ·
1486 850 1717 890 ἀνθρωποβάτιν
1734 849 1818 881 ναῦν.

165 906 170 931 ἶ
196 907 246 943 βυ
255 903 330 934 σσό
339 915 353 938 ς
368 902 417 943 (Il.
433 902 531 940 XXIV,
548 902 588 934 80
600 913 607 940 ;
626 903 872 943 βυσσοδομεύων).
887 903 993 934 Ionum
1007 903 1046 943 (⁶2)
1060 902 1159 934 Schol.
1174 903 1205 933 in
1217 903 1307 934 Arist.
1327 903 1401 934 Ran.
1416 902 1476 933 138
1488 912 1495 932 :
1506 903 1602 937 Ἴωνες
1615 904 1646 932 δὲ
1660 903 1710 932 τὸν
1719 902 1821 941 βυθόν

143 948 276 995 βυσσόν
282 966 381 995 φασιν.
411 954 477 985 Non
498 954 563 985 sine
585 954 784 985 dubitatione
793 959 876 992 noto,
900 964 969 986 cum
992 954 1141 985 incertum
1156 955 1205 990 sit,
1225 964 1289 997 quo
1305 964 1408 992 sensu,
1419 954 1521 989 Ἴωνες’
1545 953 1753 994 accipiendum
1767 953 1816 983 sit

154 1007 251 1047 Atque
271 1006 379 1037 similis
398 1011 443 1037 est
463 1007 540 1037 ratio
561 1006 677 1046 glossae
691 1010 799 1047 βένθος
820 1006 852 1037 in
870 1006 968 1037 Schol.
986 1006 1022 1037 ad
1043 1006 1119 1048 Opp
1140 1006 1207 1037 Hal.
1225 1007 1248 1045 1,
1266 1006 1320 1037 11:
1341 1010 1476 1047 βέιθεα·
1494 1007 1580 1047 βάθη
1596 1005 1645 1047 τῆς
1658 1006 1819 1046 θαλάττης,

152 1059 241 1100 βάθη
252 1058 397 1090 Ἰωνικόν·
408 1057 508 1098 ὥσπερ
523 1057 585 1089 ἀπὸ
599 1058 651 1089 τοῦ
664 1058 767 1093 πάθος
784 1063 906 1097 πένθος,
921 1058 996 1090 οὕτω
1012 1061 1062 1089 καὶ
1077 1058 1139 1090 ἆπὸ
1152 1059 1204 1090 τοῦ
1219 1060 1318 1098 βάθος
1331 1063 1449 1098 βένθος.

194 1109 275 1150 βῶν
299 1109 456 1150 (scutum).
474 1109 665 1149 Argivorum.
689 1109 750 1150 βῶν
774 1110 896 1150 quidem
912 1110 1004 1141 Dores
1027 1119 1083 1155 pro
1100 1110 1173 1150 βοῦν
1190 1110 1298 1140 dixisse
1320 1110 1511 1140 notissimum
1528 1114 1574 1140 est
1588 1109 1647 1149 (Et.
1665 1108 1722 1148 Mg.
1744 1118 1769 1138 s.
1786 1119 1813 1138 x.

153 1161 331 1201 νασετάωσι),
343 1161 395 1201 sed
402 1166 520 1192 scutum
528 1170 564 1191 eo
576 1161 697 1193 nomine
705 1161 871 1202 appellasse
882 1161 938 1192 soli
948 1161 1048 1202 Argivi
1060 1161 1221 1193 traduntur
1232 1172 1249 1192 a
1260 1161 1368 1192 Suida:
1382 1171 1406 1192 s.
1421 1171 1447 1191 v.
1461 1161 1523 1201 βῶν
1535 1170 1542 1177 ·
1552 1160 1673 1192 ‹io-mvn.
1691 1160 1816 1201 Ἀργεῖοι,

151 1212 278 1245 cimirun?
290 1213 366 1253 βοῦν
378 1213 401 1255 ἢ
416 1226 459 1244 τοι
471 1213 594 1253 βύρσαν.
613 1213 679 1244 Jam
701 1213 846 1244 Kiisterus
866 1213 966 1244 videre
981 1214 1066 1245 iubet
1078 1213 1174 1245 Schol.
1193 1214 1279 1244 Hom.
1297 1214 1331 1243 ll.
1348 1214 1411 1250 XII,
1429 1213 1489 1244 105
1507 1218 1536 1244 et
1553 1212 1623 1243 137.
1642 1212 1815 1252 Bernhardy

153 1264 237 1296 addit
249 1264 346 1296 Schol.
368 1264 399 1295 in
415 1265 448 1295 ll.
469 1265 529 1302 VII,
549 1263 609 1296 238
624 1269 654 1296 et
669 1265 773 1305 Regul.
791 1265 913 1296 Prosod.
931 1275 979 1305 ap.
1001 1265 1104 1296 Herm.
1122 1265 1193 1295 127.
1211 1265 1252 1296 Cf.
1270 1266 1352 1297 Suid.
1374 1275 1398 1296 s.
1418 1275 1444 1295 v.
1461 1265 1520 1304 βῶς
1532 1265 1655 1304 ·βύρσα,
1674 1264 1771 1299 ἀσπίς.

963 1355 995 1382 Γ.

191 1429 220 1456 Γ
229 1438 249 1455 α
259 1426 277 1455 λ
287 1438 308 1455 α
317 1429 343 1456 θ
354 1437 372 1465 η
382 1437 399 1455 ν
409 1424 427 1455 ό
437 1436 451 1459 ς
465 1424 589 1464 (Herod.
609 1424 719 1455 Comici
733 1428 838 1465 poetae
853 1424 933 1465 apud
948 1425 1157 1465 Athenaeum).
1172 1424 1494 1455 Halicarnassensium.
1513 1425 1546 1455 In
1562 1424 1607 1455 tit.
1622 1425 1813 1456 Halicarnas-

150 1476 231 1507 sensi
255 1476 292 1506 de
319 1476 412 1506 Diana
439 1476 569 1515 Pergaea
591 1476 715 1507 colenda
741 1475 785 1516 (C.
813 1475 945 1513 1.2656‚
972 1476 992 1506 l.
1013 1475 1048 1507 31
1068 1476 1149 1516 sq.:)
1171 1478 1221 1507 ἐπὶ
1239 1480 1294 1515 μὲν
1310 1477 1350 1521 τῷ
1367 1475 1485 1517 muchs]
1499 1476 1623 1516 ὀβολούς
1639 1477 1700 1515 δύα
1716 1479 1765 1508 ἐπὶ
1782 1480 1813 1508 δὲ

148 1528 316 1572 γαλαθεινῷ
328 1526 441 1567 ὀβολόν.

66 1606 88 1609 ..
189 1579 387 1619 γάνυμαι,
411 1579 554 1618 γανάω.
572 1578 759 1620 Cypriorum.
779 1578 825 1610 Et.
841 1578 918 1610 Gud.
935 1589 965 1620 p.
982 1578 1039 1609 ’121
1058 1589 1082 1610 s.
1102 1589 1130 1610 v.
1150 1584 1370 1619 γεγοιναη.ιένοςἰ
1404 1604 1411 1610 .
1434 1581 1482 1611 καὶ
1499 1580 1593 1619 γάνος,
1606 1579 1693 1620 υδωρ,
1706 1582 1813 1621 χάρμα,

69 1654 91 1673 2¹2
147 1631 218 1672 φῶς,
237 1633 330 1670 λίπος,
350 1630 435 1673 αὐγή,
454 1627 596 1673 avalim,
619 1631 791 1674 λαμπηδοὶν,
809 1631 871 1663 ὑπὸ
885 1633 917 1662 δὲ
932 1635 1070 1672 Κυπρίων
1089 1632 1271 1672 παράδεισος.

174 1685 313 1728 Ιγέντο.
328 1683 516 1724 Cypriorum.
533 1683 665 1724 Hesych:
685 1689 804 1722 γέννου·
816 1684 942 1723 Κύπριοι
961 1685 1010 1714 καὶ
1028 1684 1102 1723 λάβε
1122 1686 1172 1715 καὶ
1195 1685 1303 1724 κάθιζε
1325 1685 1421 1723 (γένου
1429 1684 1456 1724 ‘?)
1471 1689 1501 1715 et
1520 1685 1639 1724 ὕγγεμος
1651 1694 1658 1701 ·
1671 1688 1813 1728 συλλαβή.

79 1758 84 1765 .
130 1762 133 1764 .
150 1736 329 1774 Σαλαμίνιοι.
352 1733 390 1766 ὗν
406 1733 487 1765 enim
511 1739 557 1766 est
574 1744 630 1775 pro
654 1735 710 1767 σύν
723 1734 775 1776 (cf.
791 1734 982 1775 ὗνευξάμενος
1006 1735 1038 1765 in
1061 1735 1106 1766 tit.
1123 1735 1206 1766 Curii
1224 1735 1256 1765 in
1269 1735 1447 1776 Cypriorum
1465 1736 1541 1766 urbe
1568 1742 1688 1777 reperto
1703 1738 1751 1768 ed.
1773 1738 1811 1768 M.

76 1783 96 1830 jsv
117 1787 123 1790 '
138 1786 283 1821 'Schmidt
297 1786 329 1817 in
346 1786 415 1817 Ber.
435 1786 465 1817 d.
485 1786 563 1817 Berl.
580 1786 671 1817 Acad.
688 1786 770 1818 1874
783 1797 814 1828 p.
831 1786 905 1827 614)
920 1791 958 1824 et
969 1799 1052 1826 γεμος
1068 1787 1194 1818 eandem
1216 1796 1308 1827 quam
1327 1792 1409 1827 γέντο
1425 1787 1557 1819 radicem
1574 1794 1758 1829 praesentat,
1780 1795 1814 1821 ut

64 1842 66 1845 ’
86 1859 89 1861 ,
140 1836 326 1888 ‘vocabulum
340 1837 485 1867 vocabulo
503 1838 614 1878 optime
629 1839 819 1879 respondeat.
838 1856 877 1860 —
891 1838 972 1874 Quae
987 1838 1148 1868 traduntur
1163 1839 1194 1868 in
1212 1839 1310 1869 Schol.
1331 1839 1363 1869 in
1380 1839 1415 1870 ll.
1431 1839 1509 1876 XIII,
1527 1839 1584 1870 25:
1605 1844 1810 1881 γένω·ἔλαβε.

146 1889 276 1930 Δωρικὸν
288 1890 338 1920 καὶ
349 1889 499 1931 ,Αἰολικόῃ
514 1888 619 1921 dubito
633 1898 672 1920 an
686 1889 762 1921 nihil
780 1889 861 1921 aliud
877 1889 978 1921 dicant
992 1888 1051 1921 nisi
1069 1890 1218 1932 συγκοπήν
1232 1890 1314 1921 illam
1332 1899 1397 1921 esse
1415 1890 1529 1922 Dorum
1546 1895 1577 1922 et
1590 1892 1726 1923 Aeolum.

83 1965 86 1967 v
186 1940 344 1981 γλῆνος.
371 1940 522 1972 Eleorum.
552 1941 650 1972 Schol.
670 1941 701 1972 in
725 1941 760 1972 Il.
775 1941 873 1979 XXIV,
891 1941 967 1972 192:
995 1941 1027 1977 ὃς
1041 1942 1148 1983 γλήνεα
1172 1943 1270 1973 πολλοὶ
1285 1937 1435 1981 κεχάνδειῖ
1456 1943 1580 1985 γλήνεα·
1592 1945 1728 1986 χρήματα
1750 1947 1809 1978 κατ’

141 1990 280 2027 ’Μείουςκ

125 2058 127 2061 ·
154 2087 156 2090 ¹
185 2044 277 2084 γόος
297 2043 445 2086 (Tragg.).
470 2044 595 2076 Aeolum
617 2049 647 2076 et
670 2037 709 2076 ex'
722 2044 759 2076 iis
773 2043 960 2086 Cypriorum.
977 2045 1111 2076 Αἰολέων.
1132 2045 1390 2085 γόος-κλαυθμός.
1409 2045 1478 2077 Exc.
1499 2055 1516 2077 e
1535 2046 1602 2077 cod.
1622 2047 1730 2078 Urbin.
1750 2048 1811 2080 157

59 2102 95 2135 ξ’..
125 2105 128 2108 ’
144 2095 178 2127 iu
191 2095 283 2127 Bekk.
299 2097 410 2128 Anecd.
425 2097 476 2128 111.
493 2107 523 2138 p.
545 2096 636 2129 1095.
653 2097 770 2139 Hesych
783 2107 790 2128 ε
807 2097 897 2137 γοδᾶν
913 2097 965 2138 (Μ.
981 2096 1125 2129 Schmidt.
1145 2102 1226 2129 recte
1241 2098 1346 2139 γοάαν)
1359 2108 1366 2115 ·
1377 2100 1488 2130 κλαίειν
1498 2108 1505 2115 ·
1517 2100 1651 2139 Κύπριοι.

66 2145 79 2152 “
103 2147 110 2151 ’
184 2160 201 2187 γ
210 2159 227 2178 ο
237 2160 256 2179 v
265 2159 284 2179 ν
294 2148 313 2179 ὅ
321 2160 343 2183 ς.
360 2142 675 2180 Lacedaemoniorum.
696 2149 830 2190 Hesych:
846 2149 939 2190 γῶνορ
950 2157 958 2165 ·
969 2153 1066 2189 γωνία.
1082 2149 1227 2185 Λάκωνες.
