2019 2469
216 148 304 189 165),
324 147 406 188 quod
423 146 558 177 Vischer.
578 149 661 177 recte
679 144 866 186 comparavit
882 152 952 175 cum
966 142 1108 185 Hesychii
1122 142 1248 184 glossis:
1262 135 1546 188 παδδιιήηξίφη

216 199 298 242 ρος)·
308 200 326 232 ὁ
344 201 548 240 ἕνγυμνασίφ
559 199 751 241 ὕπηρέτηςθῑ
769 199 935 229 παιδίσκαι·
947 197 976 228 οἱ
997 193 1030 228 ἔκ
1053 197 1168 228 παίδων
1191 194 1342 236 ἒςᾶνδρως
1363 191 1592 235 μεταβαίνοντος
1637 225 1686 237 ..›

208 247 342 294 Spartae
360 250 494 291 antiquis
508 250 733 291 temporibus'
715 249 892 291 αγορανόμοι
908 249 1098 280 dicebantur.
1114 266 1156 272 —-
1172 246 1273 289 οὗρεῖα
1288 255 1355 288 pro
1362 245 1488 288 φρούρια
1503 240 1684 289 usurpatis·

216 303 324 335 Drerio
341 304 363 333 l.
381 302 446 364 59).
463 302 511 333 Sic
526 302 608 332 enim
622 302 785 342 legendum
799 301 919 332 videtur
942 309 999 341 pm
1017 310 1053 331 eo
1071 300 1152 341 quod
1172 298 1312 339 nangabe
1329 297 1472 339 proponit
1493 294 1580 345 οὔρια
1587 292 1640 329 ,wel

216 354 367 396 praefert:
387 353 559 396 οιίρκια.(ἶί’.
577 352 678 384 [194
692 362 781 394 sqq..
799 356 863 388 ταῖς
875 354 1027 393 ἑταιρείαις
1040 351 1264 384 δασσὰσθωσοεν
1276 352 1342 386 ταῖς
1355 351 1392 389 ἐμ
1405 350 1490 382 πόλει
1511 349 1560 381 καὶ
1564 350 1613 381 -αἶ

218 419 285 438 mm
305 408 433 449 Δρήριοι.
456 406 569 437 Eadem
587 406 678 446 ὠρεΐα
696 398 893 436 nominantur
909 405 940 435 in
958 405 1078 436 foedere
1089 404 1244 435 Laliorum
1255 401 1577 443 etOlontiorum(C.1.
1590 396 1698 443 9554),

217 461 267 490 καὶ
288 461 322 490 εἴ
338 462 379 494 τίς
403 472 442 489 κα
468 460 619 496 πολεμίων
641 457 794 492 Ὀλσντϊσις
821 470 840 498 η
867 459 980 498 ἐφέρπῃ
998 459 1048 487 ἐπὶ
1067 455 1183 497 πόλινῆ
1202 457 1251 486 ἐπι
1270 455 1367 495 χώραν
1381 454 1401 496 ἢ
1421 454 1468 485 ἐπ’
1488 453 1578 494 ὦροῒα
1590 453 1612 498 ἢ
1625 454 1660 489 λι
1685 487 1694 491 -

214 510 375 542 ’.Ολσντίων
393 509 435 541 Cf.
456 509 583 558 llesych
603 508 709 550 ὧρεΐα·
722 508 911 550 φυλακτήρια.
931 508 1027 539 Etiam
1039 508 1174 549 οἶχῶρος·
1186 509 1315 548 οἴκσυρσς
1328 506 1366 538 Μ.
1383 505 1526 538 Schmidt.
1539 510 1669 547 propter
1678 511 1746 551 a‘sp„

218 563 357 594 Cretihus
375 562 494 602 tribuit.
513 580 552 584 —
563 566 672 602 ναῦροί
685 561 882 592 nominantur
899 561 1080 601 ταοᾳύλωιες
1094 560 1125 590 in
1143 560 1188 591 tit.
1207 558 1464 591 MessaniorumC
1481 559 1505 590 Ι.
1522 557 1619 590 5615.
1634 576 1674 581 -
1645 549 1733 589 '.Gl
1741 551 1752 592 -ss,

219 615 384 655 πυλαυρός·
397 614 532 678 nul-meo}
545 608 579 645 ex
597 613 769 645 Thessalica
780 613 907 644 dialecto
922 613 1041 644 videtur
1055 612 1204 653 prosecta
1203 621 1279 643 esse.
1303 611 1357 642 Vd.
1376 615 1533 652 praeterea
1548 610 1631 642 Suid.
1649 620 1674 642 5.
1693 620 1721 641 v.
1737 610 1765 643 ἄ

218 667 365 709 ἇρκυωρός
378 672 408 699 et
421 667 590 709 ἆρκυωρεΐν.
614 667 741 709 Hesych.
762 666 908 706 αὖλσινρσί.
930 666 1012 696 Suid.
1034 675 1058 696 5.
1079 676 1106 695 v.
1126 664 1301 706 αἰλίκουρσι,
1317 664 1370 696 ubi
1385 665 1544 705 legendum
1560 668 1624 697 est:
1645 663 1788 706 αὒλονρσί

219 722 263 751 xvi
283 720 418 760 φίλακες.
437 720 483 751 Et.
506 721 564 759 Mg.
582 730 607 751 5.
624 730 652 749 v.
669 719 825 760 ἀλωρῆται.
1822 708 1825 710 .

260 772 277 802 ὁ
289 772 360 811 χειῗ
369 784 392 807 ς.
415 772 662 813 Corcyraeorum.
681 771 828 812 Ilesychd
846 770 940 809 ὀχεΐς·
951 772 1087 811 κλεῖθρα.
1107 772 1287 810 Κερκυραῖοι.

261 825 281 855 ο’
290 837 369 863 χος
392 824 574 856 Boeotorum
599 829 651 855 aut
673 824 862 865 Cypriorum.
880 822 1011 854 Alterius
1025 822 1105 853 enim
1122 822 1232 852 harum
1247 821 1444 852 dialectorum
1459 826 1505 870 est
1522 821 1661 863 Hesychii
1679 811 1796 866 glossa:
1808 821 1894 862 ἔχων

221 885 291 915 φιτ·
303 888 442 916 αρμαστν.

1043 953 1081 980 Π.

263 1026 418 1056 Πάλλω
435 1024 553 1066 (sortiri
571 1024 712 1064 Herod.)
733 1024 916 1054 Aetolorum.
937 1023 1078 1054 Αἰτωλῶν.
1100 1023 1210 1057 πάλος·
1222 1022 1332 1063 κλῆρος.
1349 1021 1417 1053 Exc.
1438 1031 1454 1053 e
1469 1022 1535 1053 cod.
1553 1022 1659 1053 Urbin.
1677 1022 1737 1054 157
1752 1022 1784 1054 in
1799 1020 1891 1067 Bekk.

222 1078 334 1109 Anecd.
353 1078 404 1108 ΙΙΙ.
422 1087 453 1118 p.
471 1077 564 1109 1095.

263 1143 289 1161 π
297 1144 319 1161 α
329 1130 377 1161 λ
357 1143 375 1161 υ
387 1143 404 1161 ν
415 1143 446 1161 ω.
465 1130 592 1160 Aeolum
604 1134 657 1160 aut
671 1129 793 1159 Dorum.
811 1128 929 1159 Aeolica
944 1127 1024 1159 enim
1037 1131 1088 1158 aut
1099 1127 1207 1158 Dorica
1218 1127 1314 1158 forma
1326 1132 1381 1165 est,
1396 1136 1486 1167 quam
1497 1128 1623 1168 praebet
1633 1127 1760 1169 Hesych.
1773 1128 1890 1169 glossa:

221 1183 391 1223 πόλυντρα·
402 1183 523 1222 ἄλφιτα.

263 1236 491 1275 πανσυδίῃ.
514 1233 627 1263 Dorum
640 1233 691 1272 (Ἴ).
717 1232 815 1263 Schol
842 1232 872 1261 in
891 1231 924 1262 ll.
946 1231 983 1268 ΙΙ,
1012 1231 1074 1261 19
1067 1240 1098 1261 1n
1121 1231 1252 1262 Cramer.
1280 1231 1391 1261 Anecd.
1408 1231 1503 1262 Paris.
1521 1231 1571 1262 ΙΙΙ.
1590 1241 1621 1272 p.
1639 1231 1718 1288 146.
1735 1217 1890 1276 πανσυδίῃ

221 1285 416 1327 πανστρατιᾷ.
435 1287 468 1317 ἐν
489 1284 587 1326 δστικῇ
603 1286 757 1326 πανσυδίῃ.
773 1283 915 1324 Δωρικῶς.
1849 1309 1851 1313 ,
1948 1317 1951 1319 ‚

262 1338 417 1376 πάομαι
434 1337 640 1376 (nomadum.
653 1336 789 1376 Xenoph
793 1335 816 1375 ).
831 1336 955 1372 Dorum,
970 1334 1226 1371 Heracleensium,
1239 1334 1486 1375 Corcyraeorum,
1503 1334 1737 1374 Megarensium,
1754 1336 1893 1380 Aeolum„
1919 1336 1954 1357 3

220 1389 414 1420 Boeotorum.
435 1389 533 1419 Schol.
554 1389 585 1418 in
604 1388 637 1418 ll.
655 1388 701 1425 lv,
721 1387 799 1418 433:
821 1387 1051 1426 πολυπάμμονος
1062 1395 1069 1402 ·
1082 1386 1228 1425 mimano:
1242 1387 1326 1426 παρά
1341 1386 1482 1429 Δωριεῦσι
1498 1387 1535 1417 τοὶ
1548 1387 1691 1428 κτήματα,
1700 1386 1763 1418 ἀπὸ
1776 1387 1828 1419 τοῦ
1844 1384 1901 1420 ’ποῖ
1925 1400 1928 1406 *
1948 1380 1951 1417 Ῐ
2014 1384 2018 1387 ’

219 1441 252 1472 τὸ
266 1441 386 1481 κτῶμαι,
402 1444 435 1481 ἐξ
452 1439 491 1473 οὗ
507 1444 556 1472 καὶ
575 1441 648 1483 πηός
659 1450 666 1456 ·
677 1442 746 1476 ἴσως
764 1443 796 1471 δὲ
812 1442 861 1471 καὶ
877 1439 1011 1471 Αἶσλικόν
1027 1442 1087 1471 ἐστι
1103 1440 1152 1470 διά
1168 1440 1205 1470 τά
1221 1439 1274 1470 δύο
1292 1451 1345 1478 μμ.
1369 1438 1414 1470 Et.
1431 1438 1508 1470 Gud.
1525 1449 1556 1480 p.
1577 1438 1649 1470 474.
1667 1440 1803 1471 Eustath.
1820 1438 1892 1478 493,

220 1493 272 1523 stu).
291 1511 330 1515 —
346 1494 380 1524 In
396 1494 498 1524 tabula
513 1493 631 1524 Heracl.
649 1494 686 1529 I.,
707 1492 766 1523 168
785 1493 913 1532 legitur:
938 1494 986 1523 καὶ
1007 1493 1043 1523 τοὶ
1063 1492 1210 1526 Φιντίας“
1196 1505 1212 1522 ο
1236 1495 1368 1531 Κρατίνω
1385 1494 1528 1530 παμωχεΐ.
1544 1491 1583 1522 cs.
1592 1491 1745 1532 'stHesych
1739 1516 1745 1521 .
1766 1492 1899 1524 κατεπᾶ-’
1930 1487 1952 1528 :2ss

221 1555 313 1577 σατο·
323 1546 518 1587 κατεκτήσατο
535 1550 564 1576 et
585 1545 741 1585 παμῶχος·
751 1545 767 1576 ὁ
785 1545 887 1585 κύριος.
905 1544 1017 1575 Ἰταλοί.
1033 1562 1074 1566 ——
1098 1544 1132 1574 In
1156 1543 1200 1574 tit.
1222 1543 1458 1584 Corcyraeorum
1477 1543 1625 1583 (Vischer.
1646 1544 1736 1574 Arch.
1754 1554 1786 1575 u.
1804 1543 1890 1585 Epig'.

219 1607 278 1629 von
303 1597 451 1639 Corcy‚ra
479 1598 597 1638 Megara
620 1608 651 1628 u.
676 1598 773 1628 Athen
796 1607 826 1638 p
858 1596 907 1635 9):
933 1599 1028 1628 διδωτι
1048 1598 1079 1627 δὲ
1104 1595 1135 1638 (ἡ
1156 1595 1239 1635 ἁλία)
1259 1608 1308 1626 και
1328 1595 1379 1635 γᾶς
1397 1597 1446 1627 καὶ
1465 1596 1555 1631 oium
1575 1598 1711 1635 ἕμπαοιν.
1735 1614 1774 1619 -—-
1802 1588 1939 1634 οἰκίας

218 1654 349 1691 ἔμπαοιν
369 1650 479 1691 legitur
496 1650 587 1682 etiam
606 1650 637 1681 in
652 1650 747 1681 titulis
769 1649 993 1693 Megarensibus
1013 1649 1122 1690 (Rang.
1141 1648 1179 1686 ll,
1197 1647 1256 1679 697
1278 1665 1308 1676 =
1327 1648 1366 1678 Le
1371 1644 1437 1679 Bas
1452 1647 1524 1689 Voy.
1544 1648 1627 1679 arch.
1645 1648 1683 1679 11.
1701 1647 1778 1680 Sect.
1796 1649 1819 1680 l.
1840 1651 1891 1681 nr.
1909 1640 1929 1644 ⁸
1950 1642 1953 1644 ’
2014 1672 2018 1676 ,

218 1704 270 1735 96.
294 1704 314 1734 l.
337 1703 479 1742 16—17;
504 1704 598 1743 Rang.
622 1703 658 1734 ΙΙ.
681 1702 736 1733 701
758 1715 788 1726 =
806 1702 845 1732 Le
867 1702 922 1733 Bas
940 1702 1002 1733 ibd.
1021 1711 1069 1732 nr.
1087 1701 1139 1739 99,
1161 1701 1181 1731 l.
1202 1700 1237 1737 9;
1265 1701 1304 1731 Le
1323 1700 1378 1731 Bas
1394 1700 1454 1731 ibd.
1475 1699 1515 1731 33
1530 1710 1547 1731 a
1568 1714 1599 1726 =
1618 1700 1728 1732 Philol.
1745 1699 1841 1733 1859.
1857 1711 1891 1743 p.

218 1755 291 1794 151,
310 1756 331 1786 l.
351 1756 395 1796 7).
410 1774 449 1778 -
460 1755 585 1796 Saepius
600 1755 730 1795 denique
748 1755 780 1785 in
798 1764 1001 1795 proxenorum
1016 1751 1146 1785 decretis
1162 1752 1308 1783 Boeoticis
1323 1753 1503 1783 vocabulum
1517 1757 1627 1783 exstat:
1648 1754 1684 1794 κὴ
1703 1751 1784 1792 εἶμεν
1802 1753 1910 1790 aziz-532·-

217 1808 269 1848 γᾶς
285 1809 322 1849 m}
337 1811 439 1847 ρυκίας
459 1811 590 1838 ἔππασιν
612 1806 655 1847 (C.
674 1807 697 1837 Ι.
715 1806 796 1838 1563
817 1819 846 1831 =
868 1806 908 1837 Le
924 1806 979 1837 Bas
993 1806 1064 1847 Voy.
1082 1805 1165 1836 arch.
1183 1804 1234 1835 Ill.
1255 1804 1332 1836 Sect.
1351 1804 1373 1834 1.
1395 1813 1442 1835 nr.
1460 1803 1520 1835 469
1535 1814 1543 1841 ;
1560 1804 1655 1848 Bang.
1673 1803 1744 1843 705,
1762 1805 1793 1837 b.
1809 1817 1839 1829 =
1853 1805 1893 1838 Le
1918 1795 1960 1839 ῐῆἑΐ

217 1860 286 1891 Bas.
304 1860 367 1891 ibd.
389 1869 438 1890 nr.
456 1858 530 1899 631)
546 1863 576 1889 ct
589 1862 698 1895 ,ἔπασιν
717 1858 760 1898 (C.
779 1859 804 1889 1.
820 1857 902 1890 1565
924 1871 953 1882 =
973 1858 1012 1889 Le
1027 1858 1094 1889 Bas.
1112 1857 1175 1887 ibd.
1192 1866 1240 1887 nr.
1258 1856 1339 1893 498·‚
1356 1855 1386 1887 C.
1407 1856 1430 1887 Ι.
1448 1856 1530 1887 1564
1543 1863 1581 1875 Ξ
1594 1856 1634 1888 Le
1652 1857 1720 1888 Bas.
1739 1866 1787 1887 nr.
1804 1856 1891 1897 630).

216 1911 333 1942 Nomen
348 1911 511 1952 proprium·
523 1920 645 1951 quoque
663 1910 766 1941 Boeoti
781 1910 937 1941 cuiusdam
955 1903 1117 1945 mimam
1133 1908 1286 1939 invenitur
1300 1908 1379 1948 apud
1396 1908 1435 1939 Le
1450 1909 1516 1939 Bas.
1534 1908 1554 1938 l.
1572 1908 1592 1938 l.
1610 1917 1658 1939 nr.
1676 1907 1747 1940 630.
1836 1922 1839 1926 ·
1885 1916 1891 1921 ”

258 1963 312 1995 πά
323 1976 421 2002 nna,
442 1963 606 2003 παππάζω.
624 1963 891 2004 Syracusanorum.
916 1962 962 1994 Et.
979 1963 1038 2003 Mg.
1058 1972 1082 1993 5.
1099 1972 1128 1992 v
1146 1962 1277 1993 πάππα·
1290 1961 1492 2003 προσφώνησις
1507 1962 1637 2003 τιμηπκή
1655 1960 1728 1992 υἱοῖν
1747 1962 1821 2003 awk-
1836 1973 1893 1994 71·oe-

213 2021 283 2056 τέρα
301 2016 349 2057 (11.
366 2015 401 2052 V,
418 2014 513 2055 408):
532 2014 613 2056 [σῦδέ
629 2019 660 2046 τί
671 2013 732 2057 μὴν]
754 2018 857 2051 παῖδες
873 2016 940 2046 nori
956 2015 1076 2054 γούνασι
1094 2014 1316 2054 παππάζουσιν
1333 2025 1407 2045 ουτω
1427 2015 1537 2053 λέγεται
1559 2014 1643 2053 παραὶ
1657 2013 1889 2054 Συρακονᾶσις*
1873 2026 1893 2045 ο

213 2068 319 2110 πατήρ.
343 2068 455 2099 Eadem
472 2067 586 2099 habent
602 2067 729 2109 Cyrillus
744 2072 774 2099 et
791 2067 837 2099 Et.
855 2067 959 2099 Orion.
979 2077 1011 2108 p.
1032 2066 1105 2098 136.

255 2124 488 2152 παπταίνω.
511 2120 647 2151 Aeolum
671 2120 791 2151 Aeolica
805 2120 887 2151 enim
903 2120 1042 2152 vocabuli
1057 2119 1155 2150 forma
1172 2123 1289 2150 servata
1303 2123 1348 2150 est
1368 2119 1448 2160 apud
1462 2119 1590 2160 Hesych.
1603 2128 1609 2149 :
1628 2118 1797 2160 πεπτήνας·
1808 2121 1888 2159 περι-

210 2172 409 2216 βλεψαμενος-
